{"ts": 1769513159.873932, "a": [49.41525, 11.112965], "b": [49.458261, 11.094843], "a_id": "738DEC001DB4F0F9019657A6463BC2AC4B831B9B81637672723E32C0EE098353", "b_id": "0F8D870E25D67FFA7B9F55CDF2E23B9475589031E021F51899DC545B91D0C5B4", "message_hash": "1F8A677A", "payload_type": 4, "origin_id": "738DEC001DB4F0F9019657A6463BC2AC4B831B9B81637672723E32C0EE098353", "receiver_id": "packets", "route_mode": "path", "topic": "meshcore/A89F567CB6D2643A5400F9AF7721F8E35D2A8D18C033B932A7B7DFA7FF8492C0/packets"}
{"ts": 1769513159.873932, "a": [49.458261, 11.094843], "b": [49.643404, 11.166407], "a_id": "0F8D870E25D67FFA7B9F55CDF2E23B9475589031E021F51899DC545B91D0C5B4", "b_id": "533B87C67D239DE848146380CA0F4EAE77B52FBDBD1A8766956B8E37679B50A8", "message_hash": "1F8A677A", "payload_type": 4, "origin_id": "738DEC001DB4F0F9019657A6463BC2AC4B831B9B81637672723E32C0EE098353", "receiver_id": "packets", "route_mode": "path", "topic": "meshcore/A89F567CB6D2643A5400F9AF7721F8E35D2A8D18C033B932A7B7DFA7FF8492C0/packets"}
{"ts": 1769513159.873932, "a": [49.643404, 11.166407], "b": [50.04901, 11.28925], "a_id": "533B87C67D239DE848146380CA0F4EAE77B52FBDBD1A8766956B8E37679B50A8", "b_id": "50B6282F8419C343E60C010031DE5D962BB6585D137FF4049F68307CFD242FC2", "message_hash": "1F8A677A", "payload_type": 4, "origin_id": "738DEC001DB4F0F9019657A6463BC2AC4B831B9B81637672723E32C0EE098353", "receiver_id": "packets", "route_mode": "path", "topic": "meshcore/A89F567CB6D2643A5400F9AF7721F8E35D2A8D18C033B932A7B7DFA7FF8492C0/packets"}
{"ts": 1769513159.873932, "a": [50.04901, 11.28925], "b": [50.061736, 11.486714], "a_id": "50B6282F8419C343E60C010031DE5D962BB6585D137FF4049F68307CFD242FC2", "b_id": "9BA848CD1136257EDE06947913B278627804D10746267F7E75D8BD4452D05D0E", "message_hash": "1F8A677A", "payload_type": 4, "origin_id": "738DEC001DB4F0F9019657A6463BC2AC4B831B9B81637672723E32C0EE098353", "receiver_id": "packets", "route_mode": "path", "topic": "meshcore/A89F567CB6D2643A5400F9AF7721F8E35D2A8D18C033B932A7B7DFA7FF8492C0/packets"}
{"ts": 1769513159.873932, "a": [49.936846, 11.610518], "b": [50.061736, 11.486714], "a_id": "9BA848CD1136257EDE06947913B278627804D10746267F7E75D8BD4452D05D0E", "b_id": "47B8A43BC73957B51DFF7BEC44F24A2DC28FEAD31DC7E914372AFE40C2BDC5E5", "message_hash": "1F8A677A", "payload_type": 4, "origin_id": "738DEC001DB4F0F9019657A6463BC2AC4B831B9B81637672723E32C0EE098353", "receiver_id": "packets", "route_mode": "path", "topic": "meshcore/A89F567CB6D2643A5400F9AF7721F8E35D2A8D18C033B932A7B7DFA7FF8492C0/packets"}
{"ts": 1769513171.0752785, "a": [49.41525, 11.112965], "b": [49.458261, 11.094843], "a_id": "738DEC001DB4F0F9019657A6463BC2AC4B831B9B81637672723E32C0EE098353", "b_id": "0F8D870E25D67FFA7B9F55CDF2E23B9475589031E021F51899DC545B91D0C5B4", "message_hash": "1F8A677A", "payload_type": 4, "origin_id": "738DEC001DB4F0F9019657A6463BC2AC4B831B9B81637672723E32C0EE098353", "receiver_id": "packets", "route_mode": "path", "topic": "meshcore/A89F567CB6D2643A5400F9AF7721F8E35D2A8D18C033B932A7B7DFA7FF8492C0/packets"}
{"ts": 1769513171.0752785, "a": [49.458261, 11.094843], "b": [49.643404, 11.166407], "a_id": "0F8D870E25D67FFA7B9F55CDF2E23B9475589031E021F51899DC545B91D0C5B4", "b_id": "533B87C67D239DE848146380CA0F4EAE77B52FBDBD1A8766956B8E37679B50A8", "message_hash": "1F8A677A", "payload_type": 4, "origin_id": "738DEC001DB4F0F9019657A6463BC2AC4B831B9B81637672723E32C0EE098353", "receiver_id": "packets", "route_mode": "path", "topic": "meshcore/A89F567CB6D2643A5400F9AF7721F8E35D2A8D18C033B932A7B7DFA7FF8492C0/packets"}
{"ts": 1769513171.0752785, "a": [49.643404, 11.166407], "b": [50.04901, 11.28925], "a_id": "533B87C67D239DE848146380CA0F4EAE77B52FBDBD1A8766956B8E37679B50A8", "b_id": "50B6282F8419C343E60C010031DE5D962BB6585D137FF4049F68307CFD242FC2", "message_hash": "1F8A677A", "payload_type": 4, "origin_id": "738DEC001DB4F0F9019657A6463BC2AC4B831B9B81637672723E32C0EE098353", "receiver_id": "packets", "route_mode": "path", "topic": "meshcore/A89F567CB6D2643A5400F9AF7721F8E35D2A8D18C033B932A7B7DFA7FF8492C0/packets"}
{"ts": 1769513171.0752785, "a": [50.04901, 11.28925], "b": [50.10477, 11.461145], "a_id": "50B6282F8419C343E60C010031DE5D962BB6585D137FF4049F68307CFD242FC2", "b_id": "80A00493C2E4313932DBDE6CEBFC296EDBDAE22D55614BD23AA37A7AA6F2630C", "message_hash": "1F8A677A", "payload_type": 4, "origin_id": "738DEC001DB4F0F9019657A6463BC2AC4B831B9B81637672723E32C0EE098353", "receiver_id": "packets", "route_mode": "path", "topic": "meshcore/A89F567CB6D2643A5400F9AF7721F8E35D2A8D18C033B932A7B7DFA7FF8492C0/packets"}
{"ts": 1769513171.0752785, "a": [49.88804, 11.55772], "b": [50.10477, 11.461145], "a_id": "80A00493C2E4313932DBDE6CEBFC296EDBDAE22D55614BD23AA37A7AA6F2630C", "b_id": "3C75856B6B90E6BA52F7A255BC686CC76082D4AC2923DCA930EFCEA3B325EDC3", "message_hash": "1F8A677A", "payload_type": 4, "origin_id": "738DEC001DB4F0F9019657A6463BC2AC4B831B9B81637672723E32C0EE098353", "receiver_id": "packets", "route_mode": "path", "topic": "meshcore/A89F567CB6D2643A5400F9AF7721F8E35D2A8D18C033B932A7B7DFA7FF8492C0/packets"}
{"ts": 1769513171.0752785, "a": [49.88804, 11.55772], "b": [49.888064, 11.557681], "a_id": "3C75856B6B90E6BA52F7A255BC686CC76082D4AC2923DCA930EFCEA3B325EDC3", "b_id": "A09932D0D1ECAB5E70903B7DBD8DD522E14C6E8474DF44071E07797A5736730E", "message_hash": "1F8A677A", "payload_type": 4, "origin_id": "738DEC001DB4F0F9019657A6463BC2AC4B831B9B81637672723E32C0EE098353", "receiver_id": "packets", "route_mode": "path", "topic": "meshcore/A89F567CB6D2643A5400F9AF7721F8E35D2A8D18C033B932A7B7DFA7FF8492C0/packets"}
{"ts": 1769513171.0752785, "a": [49.888064, 11.557681], "b": [49.949, 11.596], "a_id": "A09932D0D1ECAB5E70903B7DBD8DD522E14C6E8474DF44071E07797A5736730E", "b_id": "D060B606AB9544673DCF40FD0392CBA3FFFD9B4959CC63D04BF419277F698A33", "message_hash": "1F8A677A", "payload_type": 4, "origin_id": "738DEC001DB4F0F9019657A6463BC2AC4B831B9B81637672723E32C0EE098353", "receiver_id": "packets", "route_mode": "path", "topic": "meshcore/A89F567CB6D2643A5400F9AF7721F8E35D2A8D18C033B932A7B7DFA7FF8492C0/packets"}
{"ts": 1769513171.0752785, "a": [49.949, 11.596], "b": [49.951535, 11.611373], "a_id": "D060B606AB9544673DCF40FD0392CBA3FFFD9B4959CC63D04BF419277F698A33", "b_id": "1AF33A967365F2CB1BE7284B1F4AED377EA15BD5A4005A55CDDF2D9C4922714E", "message_hash": "1F8A677A", "payload_type": 4, "origin_id": "738DEC001DB4F0F9019657A6463BC2AC4B831B9B81637672723E32C0EE098353", "receiver_id": "packets", "route_mode": "path", "topic": "meshcore/A89F567CB6D2643A5400F9AF7721F8E35D2A8D18C033B932A7B7DFA7FF8492C0/packets"}
{"ts": 1769513530.5634158, "a": [49.344473, 10.797924], "b": [49.643404, 11.166407], "a_id": "B56F4DADD9F2CBD3C1FC1B3060EB4D4B97441089349C67021759548D63E4117A", "b_id": "533B87C67D239DE848146380CA0F4EAE77B52FBDBD1A8766956B8E37679B50A8", "message_hash": "954F8E7E", "payload_type": 2, "origin_id": "A89F567CB6D2643A5400F9AF7721F8E35D2A8D18C033B932A7B7DFA7FF8492C0", "receiver_id": "packets", "route_mode": "path", "topic": "meshcore/A89F567CB6D2643A5400F9AF7721F8E35D2A8D18C033B932A7B7DFA7FF8492C0/packets"}
{"ts": 1769513530.5634158, "a": [49.643404, 11.166407], "b": [49.71204, 11.30643], "a_id": "533B87C67D239DE848146380CA0F4EAE77B52FBDBD1A8766956B8E37679B50A8", "b_id": "39AB9B02253D22040B940AD26404CC98F0BF0147936D9B5961A6F7F2DA868468", "message_hash": "954F8E7E", "payload_type": 2, "origin_id": "A89F567CB6D2643A5400F9AF7721F8E35D2A8D18C033B932A7B7DFA7FF8492C0", "receiver_id": "packets", "route_mode": "path", "topic": "meshcore/A89F567CB6D2643A5400F9AF7721F8E35D2A8D18C033B932A7B7DFA7FF8492C0/packets"}
{"ts": 1769513530.5634158, "a": [49.71204, 11.30643], "b": [49.75812, 11.53287], "a_id": "39AB9B02253D22040B940AD26404CC98F0BF0147936D9B5961A6F7F2DA868468", "b_id": "8E4CC2381F6513490B72095AB81AD60A17E963CCC0590F5A9F02073A2D3402E8", "message_hash": "954F8E7E", "payload_type": 2, "origin_id": "A89F567CB6D2643A5400F9AF7721F8E35D2A8D18C033B932A7B7DFA7FF8492C0", "receiver_id": "packets", "route_mode": "path", "topic": "meshcore/A89F567CB6D2643A5400F9AF7721F8E35D2A8D18C033B932A7B7DFA7FF8492C0/packets"}
{"ts": 1769513530.5634158, "a": [49.75812, 11.53287], "b": [49.89528, 11.70689], "a_id": "8E4CC2381F6513490B72095AB81AD60A17E963CCC0590F5A9F02073A2D3402E8", "b_id": "8049FFDAB989D5C95BD03EDFB6B9846076EE9E8C21AC39C8DC8CA55391F1A0D8", "message_hash": "954F8E7E", "payload_type": 2, "origin_id": "A89F567CB6D2643A5400F9AF7721F8E35D2A8D18C033B932A7B7DFA7FF8492C0", "receiver_id": "packets", "route_mode": "path", "topic": "meshcore/A89F567CB6D2643A5400F9AF7721F8E35D2A8D18C033B932A7B7DFA7FF8492C0/packets"}
{"ts": 1769513530.5634158, "a": [49.88804, 11.55772], "b": [49.89528, 11.70689], "a_id": "8049FFDAB989D5C95BD03EDFB6B9846076EE9E8C21AC39C8DC8CA55391F1A0D8", "b_id": "3C75856B6B90E6BA52F7A255BC686CC76082D4AC2923DCA930EFCEA3B325EDC3", "message_hash": "954F8E7E", "payload_type": 2, "origin_id": "A89F567CB6D2643A5400F9AF7721F8E35D2A8D18C033B932A7B7DFA7FF8492C0", "receiver_id": "packets", "route_mode": "path", "topic": "meshcore/A89F567CB6D2643A5400F9AF7721F8E35D2A8D18C033B932A7B7DFA7FF8492C0/packets"}
{"ts": 1769513530.5634158, "a": [49.88804, 11.55772], "b": [49.951535, 11.611373], "a_id": "3C75856B6B90E6BA52F7A255BC686CC76082D4AC2923DCA930EFCEA3B325EDC3", "b_id": "1AF33A967365F2CB1BE7284B1F4AED377EA15BD5A4005A55CDDF2D9C4922714E", "message_hash": "954F8E7E", "payload_type": 2, "origin_id": "A89F567CB6D2643A5400F9AF7721F8E35D2A8D18C033B932A7B7DFA7FF8492C0", "receiver_id": "packets", "route_mode": "path", "topic": "meshcore/A89F567CB6D2643A5400F9AF7721F8E35D2A8D18C033B932A7B7DFA7FF8492C0/packets"}
{"ts": 1769513547.125838, "a": [49.436065, 11.003201], "b": [49.458261, 11.094843], "a_id": "0F8D870E25D67FFA7B9F55CDF2E23B9475589031E021F51899DC545B91D0C5B4", "b_id": "BB572DAFE4237275B1DEAB4E2AAF3155CF8FBD6058889EF5230B2E04566CB2DF", "message_hash": "CD6A7290", "payload_type": 2, "origin_id": "A89F567CB6D2643A5400F9AF7721F8E35D2A8D18C033B932A7B7DFA7FF8492C0", "receiver_id": "packets", "route_mode": "path", "topic": "meshcore/A89F567CB6D2643A5400F9AF7721F8E35D2A8D18C033B932A7B7DFA7FF8492C0/packets"}
{"ts": 1769513547.125838, "a": [49.436065, 11.003201], "b": [49.71204, 11.30643], "a_id": "BB572DAFE4237275B1DEAB4E2AAF3155CF8FBD6058889EF5230B2E04566CB2DF", "b_id": "39AB9B02253D22040B940AD26404CC98F0BF0147936D9B5961A6F7F2DA868468", "message_hash": "CD6A7290", "payload_type": 2, "origin_id": "A89F567CB6D2643A5400F9AF7721F8E35D2A8D18C033B932A7B7DFA7FF8492C0", "receiver_id": "packets", "route_mode": "path", "topic": "meshcore/A89F567CB6D2643A5400F9AF7721F8E35D2A8D18C033B932A7B7DFA7FF8492C0/packets"}
{"ts": 1769513547.125838, "a": [49.71204, 11.30643], "b": [50.04901, 11.28925], "a_id": "39AB9B02253D22040B940AD26404CC98F0BF0147936D9B5961A6F7F2DA868468", "b_id": "50B6282F8419C343E60C010031DE5D962BB6585D137FF4049F68307CFD242FC2", "message_hash": "CD6A7290", "payload_type": 2, "origin_id": "A89F567CB6D2643A5400F9AF7721F8E35D2A8D18C033B932A7B7DFA7FF8492C0", "receiver_id": "packets", "route_mode": "path", "topic": "meshcore/A89F567CB6D2643A5400F9AF7721F8E35D2A8D18C033B932A7B7DFA7FF8492C0/packets"}
{"ts": 1769513547.125838, "a": [50.04901, 11.28925], "b": [50.10477, 11.461145], "a_id": "50B6282F8419C343E60C010031DE5D962BB6585D137FF4049F68307CFD242FC2", "b_id": "80A00493C2E4313932DBDE6CEBFC296EDBDAE22D55614BD23AA37A7AA6F2630C", "message_hash": "CD6A7290", "payload_type": 2, "origin_id": "A89F567CB6D2643A5400F9AF7721F8E35D2A8D18C033B932A7B7DFA7FF8492C0", "receiver_id": "packets", "route_mode": "path", "topic": "meshcore/A89F567CB6D2643A5400F9AF7721F8E35D2A8D18C033B932A7B7DFA7FF8492C0/packets"}
{"ts": 1769513547.125838, "a": [49.88804, 11.55772], "b": [50.10477, 11.461145], "a_id": "80A00493C2E4313932DBDE6CEBFC296EDBDAE22D55614BD23AA37A7AA6F2630C", "b_id": "3C75856B6B90E6BA52F7A255BC686CC76082D4AC2923DCA930EFCEA3B325EDC3", "message_hash": "CD6A7290", "payload_type": 2, "origin_id": "A89F567CB6D2643A5400F9AF7721F8E35D2A8D18C033B932A7B7DFA7FF8492C0", "receiver_id": "packets", "route_mode": "path", "topic": "meshcore/A89F567CB6D2643A5400F9AF7721F8E35D2A8D18C033B932A7B7DFA7FF8492C0/packets"}
{"ts": 1769513547.125838, "a": [49.88804, 11.55772], "b": [49.951535, 11.611373], "a_id": "3C75856B6B90E6BA52F7A255BC686CC76082D4AC2923DCA930EFCEA3B325EDC3", "b_id": "1AF33A967365F2CB1BE7284B1F4AED377EA15BD5A4005A55CDDF2D9C4922714E", "message_hash": "CD6A7290", "payload_type": 2, "origin_id": "A89F567CB6D2643A5400F9AF7721F8E35D2A8D18C033B932A7B7DFA7FF8492C0", "receiver_id": "packets", "route_mode": "path", "topic": "meshcore/A89F567CB6D2643A5400F9AF7721F8E35D2A8D18C033B932A7B7DFA7FF8492C0/packets"}
{"ts": 1769513547.6381624, "a": [49.436065, 11.003201], "b": [49.458261, 11.094843], "a_id": "0F8D870E25D67FFA7B9F55CDF2E23B9475589031E021F51899DC545B91D0C5B4", "b_id": "BB572DAFE4237275B1DEAB4E2AAF3155CF8FBD6058889EF5230B2E04566CB2DF", "message_hash": "CD6A7290", "payload_type": 2, "origin_id": "A89F567CB6D2643A5400F9AF7721F8E35D2A8D18C033B932A7B7DFA7FF8492C0", "receiver_id": "packets", "route_mode": "path", "topic": "meshcore/A89F567CB6D2643A5400F9AF7721F8E35D2A8D18C033B932A7B7DFA7FF8492C0/packets"}
{"ts": 1769513547.6381624, "a": [49.436065, 11.003201], "b": [49.71204, 11.30643], "a_id": "BB572DAFE4237275B1DEAB4E2AAF3155CF8FBD6058889EF5230B2E04566CB2DF", "b_id": "39AB9B02253D22040B940AD26404CC98F0BF0147936D9B5961A6F7F2DA868468", "message_hash": "CD6A7290", "payload_type": 2, "origin_id": "A89F567CB6D2643A5400F9AF7721F8E35D2A8D18C033B932A7B7DFA7FF8492C0", "receiver_id": "packets", "route_mode": "path", "topic": "meshcore/A89F567CB6D2643A5400F9AF7721F8E35D2A8D18C033B932A7B7DFA7FF8492C0/packets"}
{"ts": 1769513547.6381624, "a": [49.71204, 11.30643], "b": [50.04901, 11.28925], "a_id": "39AB9B02253D22040B940AD26404CC98F0BF0147936D9B5961A6F7F2DA868468", "b_id": "50B6282F8419C343E60C010031DE5D962BB6585D137FF4049F68307CFD242FC2", "message_hash": "CD6A7290", "payload_type": 2, "origin_id": "A89F567CB6D2643A5400F9AF7721F8E35D2A8D18C033B932A7B7DFA7FF8492C0", "receiver_id": "packets", "route_mode": "path", "topic": "meshcore/A89F567CB6D2643A5400F9AF7721F8E35D2A8D18C033B932A7B7DFA7FF8492C0/packets"}
{"ts": 1769513547.6381624, "a": [50.04901, 11.28925], "b": [50.10477, 11.461145], "a_id": "50B6282F8419C343E60C010031DE5D962BB6585D137FF4049F68307CFD242FC2", "b_id": "80A00493C2E4313932DBDE6CEBFC296EDBDAE22D55614BD23AA37A7AA6F2630C", "message_hash": "CD6A7290", "payload_type": 2, "origin_id": "A89F567CB6D2643A5400F9AF7721F8E35D2A8D18C033B932A7B7DFA7FF8492C0", "receiver_id": "packets", "route_mode": "path", "topic": "meshcore/A89F567CB6D2643A5400F9AF7721F8E35D2A8D18C033B932A7B7DFA7FF8492C0/packets"}
{"ts": 1769513547.6381624, "a": [49.88804, 11.55772], "b": [50.10477, 11.461145], "a_id": "80A00493C2E4313932DBDE6CEBFC296EDBDAE22D55614BD23AA37A7AA6F2630C", "b_id": "3C75856B6B90E6BA52F7A255BC686CC76082D4AC2923DCA930EFCEA3B325EDC3", "message_hash": "CD6A7290", "payload_type": 2, "origin_id": "A89F567CB6D2643A5400F9AF7721F8E35D2A8D18C033B932A7B7DFA7FF8492C0", "receiver_id": "packets", "route_mode": "path", "topic": "meshcore/A89F567CB6D2643A5400F9AF7721F8E35D2A8D18C033B932A7B7DFA7FF8492C0/packets"}
{"ts": 1769513547.6381624, "a": [49.88804, 11.55772], "b": [49.949, 11.596], "a_id": "3C75856B6B90E6BA52F7A255BC686CC76082D4AC2923DCA930EFCEA3B325EDC3", "b_id": "D060B606AB9544673DCF40FD0392CBA3FFFD9B4959CC63D04BF419277F698A33", "message_hash": "CD6A7290", "payload_type": 2, "origin_id": "A89F567CB6D2643A5400F9AF7721F8E35D2A8D18C033B932A7B7DFA7FF8492C0", "receiver_id": "packets", "route_mode": "path", "topic": "meshcore/A89F567CB6D2643A5400F9AF7721F8E35D2A8D18C033B932A7B7DFA7FF8492C0/packets"}
{"ts": 1769513547.6381624, "a": [49.936846, 11.610518], "b": [49.949, 11.596], "a_id": "D060B606AB9544673DCF40FD0392CBA3FFFD9B4959CC63D04BF419277F698A33", "b_id": "47B8A43BC73957B51DFF7BEC44F24A2DC28FEAD31DC7E914372AFE40C2BDC5E5", "message_hash": "CD6A7290", "payload_type": 2, "origin_id": "A89F567CB6D2643A5400F9AF7721F8E35D2A8D18C033B932A7B7DFA7FF8492C0", "receiver_id": "packets", "route_mode": "path", "topic": "meshcore/A89F567CB6D2643A5400F9AF7721F8E35D2A8D18C033B932A7B7DFA7FF8492C0/packets"}
{"ts": 1769513563.9087222, "a": [49.936846, 11.610518], "b": [49.951535, 11.611373], "a_id": "1AF33A967365F2CB1BE7284B1F4AED377EA15BD5A4005A55CDDF2D9C4922714E", "b_id": "47B8A43BC73957B51DFF7BEC44F24A2DC28FEAD31DC7E914372AFE40C2BDC5E5", "message_hash": "2E6D2DA4", "payload_type": 2, "origin_id": "A89F567CB6D2643A5400F9AF7721F8E35D2A8D18C033B932A7B7DFA7FF8492C0", "receiver_id": "packets", "route_mode": "path", "topic": "meshcore/A89F567CB6D2643A5400F9AF7721F8E35D2A8D18C033B932A7B7DFA7FF8492C0/packets"}
{"ts": 1769513669.6564486, "a": [49.846324, 10.041274], "b": [49.883508, 10.010129], "a_id": "096DAF9CDEE5DEA9A3CAF7905EA3B0CC3C6FB94BF7C1F410FA6BF967A58F92E3", "b_id": "9D46A8C2B21279D34CC10D6D9969B0DB84EB23E62AF1D7D084002C9F25626E8D", "message_hash": "D907271C", "payload_type": 5, "origin_id": "A89F567CB6D2643A5400F9AF7721F8E35D2A8D18C033B932A7B7DFA7FF8492C0", "receiver_id": "packets", "route_mode": "path", "topic": "meshcore/A89F567CB6D2643A5400F9AF7721F8E35D2A8D18C033B932A7B7DFA7FF8492C0/packets"}
{"ts": 1769513669.6564486, "a": [49.846324, 10.041274], "b": [50.342726, 9.9421], "a_id": "9D46A8C2B21279D34CC10D6D9969B0DB84EB23E62AF1D7D084002C9F25626E8D", "b_id": "98F552088C42D225EF7CC63D3689809D587429A7795E106B2474F41113CBE244", "message_hash": "D907271C", "payload_type": 5, "origin_id": "A89F567CB6D2643A5400F9AF7721F8E35D2A8D18C033B932A7B7DFA7FF8492C0", "receiver_id": "packets", "route_mode": "path", "topic": "meshcore/A89F567CB6D2643A5400F9AF7721F8E35D2A8D18C033B932A7B7DFA7FF8492C0/packets"}
{"ts": 1769513669.6564486, "a": [49.837251, 11.048414], "b": [50.342726, 9.9421], "a_id": "98F552088C42D225EF7CC63D3689809D587429A7795E106B2474F41113CBE244", "b_id": "E4710D0097627D7DF14D2762F32D4DD175BA9624E0FBE68A0A58F0DD86CDFF64", "message_hash": "D907271C", "payload_type": 5, "origin_id": "A89F567CB6D2643A5400F9AF7721F8E35D2A8D18C033B932A7B7DFA7FF8492C0", "receiver_id": "packets", "route_mode": "path", "topic": "meshcore/A89F567CB6D2643A5400F9AF7721F8E35D2A8D18C033B932A7B7DFA7FF8492C0/packets"}
{"ts": 1769513669.6564486, "a": [49.71204, 11.30643], "b": [49.837251, 11.048414], "a_id": "E4710D0097627D7DF14D2762F32D4DD175BA9624E0FBE68A0A58F0DD86CDFF64", "b_id": "39AB9B02253D22040B940AD26404CC98F0BF0147936D9B5961A6F7F2DA868468", "message_hash": "D907271C", "payload_type": 5, "origin_id": "A89F567CB6D2643A5400F9AF7721F8E35D2A8D18C033B932A7B7DFA7FF8492C0", "receiver_id": "packets", "route_mode": "path", "topic": "meshcore/A89F567CB6D2643A5400F9AF7721F8E35D2A8D18C033B932A7B7DFA7FF8492C0/packets"}
{"ts": 1769513669.6564486, "a": [49.71204, 11.30643], "b": [50.04901, 11.28925], "a_id": "39AB9B02253D22040B940AD26404CC98F0BF0147936D9B5961A6F7F2DA868468", "b_id": "50B6282F8419C343E60C010031DE5D962BB6585D137FF4049F68307CFD242FC2", "message_hash": "D907271C", "payload_type": 5, "origin_id": "A89F567CB6D2643A5400F9AF7721F8E35D2A8D18C033B932A7B7DFA7FF8492C0", "receiver_id": "packets", "route_mode": "path", "topic": "meshcore/A89F567CB6D2643A5400F9AF7721F8E35D2A8D18C033B932A7B7DFA7FF8492C0/packets"}
{"ts": 1769513669.6564486, "a": [50.04901, 11.28925], "b": [50.061736, 11.486714], "a_id": "50B6282F8419C343E60C010031DE5D962BB6585D137FF4049F68307CFD242FC2", "b_id": "9BA848CD1136257EDE06947913B278627804D10746267F7E75D8BD4452D05D0E", "message_hash": "D907271C", "payload_type": 5, "origin_id": "A89F567CB6D2643A5400F9AF7721F8E35D2A8D18C033B932A7B7DFA7FF8492C0", "receiver_id": "packets", "route_mode": "path", "topic": "meshcore/A89F567CB6D2643A5400F9AF7721F8E35D2A8D18C033B932A7B7DFA7FF8492C0/packets"}
{"ts": 1769513669.6564486, "a": [49.936846, 11.610518], "b": [50.061736, 11.486714], "a_id": "9BA848CD1136257EDE06947913B278627804D10746267F7E75D8BD4452D05D0E", "b_id": "47B8A43BC73957B51DFF7BEC44F24A2DC28FEAD31DC7E914372AFE40C2BDC5E5", "message_hash": "D907271C", "payload_type": 5, "origin_id": "A89F567CB6D2643A5400F9AF7721F8E35D2A8D18C033B932A7B7DFA7FF8492C0", "receiver_id": "packets", "route_mode": "path", "topic": "meshcore/A89F567CB6D2643A5400F9AF7721F8E35D2A8D18C033B932A7B7DFA7FF8492C0/packets"}
{"ts": 1769513719.0507357, "a": [49.71204, 11.30643], "b": [49.761611, 11.568452], "a_id": "4A25A065D35E5CEE7D492C3424CDA9ABBF19AECD1569256A041AB00D3ADA45E1", "b_id": "39AB9B02253D22040B940AD26404CC98F0BF0147936D9B5961A6F7F2DA868468", "message_hash": "344561A7", "payload_type": 2, "origin_id": "A89F567CB6D2643A5400F9AF7721F8E35D2A8D18C033B932A7B7DFA7FF8492C0", "receiver_id": "packets", "route_mode": "path", "topic": "meshcore/A89F567CB6D2643A5400F9AF7721F8E35D2A8D18C033B932A7B7DFA7FF8492C0/packets"}
{"ts": 1769513719.0507357, "a": [49.71204, 11.30643], "b": [50.04901, 11.28925], "a_id": "39AB9B02253D22040B940AD26404CC98F0BF0147936D9B5961A6F7F2DA868468", "b_id": "50B6282F8419C343E60C010031DE5D962BB6585D137FF4049F68307CFD242FC2", "message_hash": "344561A7", "payload_type": 2, "origin_id": "A89F567CB6D2643A5400F9AF7721F8E35D2A8D18C033B932A7B7DFA7FF8492C0", "receiver_id": "packets", "route_mode": "path", "topic": "meshcore/A89F567CB6D2643A5400F9AF7721F8E35D2A8D18C033B932A7B7DFA7FF8492C0/packets"}
{"ts": 1769513719.0507357, "a": [50.04901, 11.28925], "b": [50.061736, 11.486714], "a_id": "50B6282F8419C343E60C010031DE5D962BB6585D137FF4049F68307CFD242FC2", "b_id": "9BA848CD1136257EDE06947913B278627804D10746267F7E75D8BD4452D05D0E", "message_hash": "344561A7", "payload_type": 2, "origin_id": "A89F567CB6D2643A5400F9AF7721F8E35D2A8D18C033B932A7B7DFA7FF8492C0", "receiver_id": "packets", "route_mode": "path", "topic": "meshcore/A89F567CB6D2643A5400F9AF7721F8E35D2A8D18C033B932A7B7DFA7FF8492C0/packets"}
{"ts": 1769513719.0507357, "a": [49.936846, 11.610518], "b": [50.061736, 11.486714], "a_id": "9BA848CD1136257EDE06947913B278627804D10746267F7E75D8BD4452D05D0E", "b_id": "47B8A43BC73957B51DFF7BEC44F24A2DC28FEAD31DC7E914372AFE40C2BDC5E5", "message_hash": "344561A7", "payload_type": 2, "origin_id": "A89F567CB6D2643A5400F9AF7721F8E35D2A8D18C033B932A7B7DFA7FF8492C0", "receiver_id": "packets", "route_mode": "path", "topic": "meshcore/A89F567CB6D2643A5400F9AF7721F8E35D2A8D18C033B932A7B7DFA7FF8492C0/packets"}
{"ts": 1769513720.3754992, "a": [49.48404, 10.86353], "b": [49.89528, 11.70689], "a_id": "8E5CF64CA646F732ECCCB1DBACEEDD888347A9CCEA5C67BB385715CA3971C24A", "b_id": "8049FFDAB989D5C95BD03EDFB6B9846076EE9E8C21AC39C8DC8CA55391F1A0D8", "message_hash": "344561A7", "payload_type": 2, "origin_id": "A89F567CB6D2643A5400F9AF7721F8E35D2A8D18C033B932A7B7DFA7FF8492C0", "receiver_id": "packets", "route_mode": "path", "topic": "meshcore/A89F567CB6D2643A5400F9AF7721F8E35D2A8D18C033B932A7B7DFA7FF8492C0/packets"}
{"ts": 1769513720.3754992, "a": [49.88804, 11.55772], "b": [49.89528, 11.70689], "a_id": "8049FFDAB989D5C95BD03EDFB6B9846076EE9E8C21AC39C8DC8CA55391F1A0D8", "b_id": "3C75856B6B90E6BA52F7A255BC686CC76082D4AC2923DCA930EFCEA3B325EDC3", "message_hash": "344561A7", "payload_type": 2, "origin_id": "A89F567CB6D2643A5400F9AF7721F8E35D2A8D18C033B932A7B7DFA7FF8492C0", "receiver_id": "packets", "route_mode": "path", "topic": "meshcore/A89F567CB6D2643A5400F9AF7721F8E35D2A8D18C033B932A7B7DFA7FF8492C0/packets"}
{"ts": 1769513720.3754992, "a": [49.88804, 11.55772], "b": [49.951535, 11.611373], "a_id": "3C75856B6B90E6BA52F7A255BC686CC76082D4AC2923DCA930EFCEA3B325EDC3", "b_id": "1AF33A967365F2CB1BE7284B1F4AED377EA15BD5A4005A55CDDF2D9C4922714E", "message_hash": "344561A7", "payload_type": 2, "origin_id": "A89F567CB6D2643A5400F9AF7721F8E35D2A8D18C033B932A7B7DFA7FF8492C0", "receiver_id": "packets", "route_mode": "path", "topic": "meshcore/A89F567CB6D2643A5400F9AF7721F8E35D2A8D18C033B932A7B7DFA7FF8492C0/packets"}
{"ts": 1769514161.9351463, "a": [50.04901, 11.28925], "b": [50.10477, 11.461145], "a_id": "50B6282F8419C343E60C010031DE5D962BB6585D137FF4049F68307CFD242FC2", "b_id": "80A00493C2E4313932DBDE6CEBFC296EDBDAE22D55614BD23AA37A7AA6F2630C", "message_hash": "544BE3CE", "payload_type": 5, "origin_id": "A89F567CB6D2643A5400F9AF7721F8E35D2A8D18C033B932A7B7DFA7FF8492C0", "receiver_id": "packets", "route_mode": "path", "topic": "meshcore/A89F567CB6D2643A5400F9AF7721F8E35D2A8D18C033B932A7B7DFA7FF8492C0/packets"}
{"ts": 1769514161.9351463, "a": [49.88804, 11.55772], "b": [50.10477, 11.461145], "a_id": "80A00493C2E4313932DBDE6CEBFC296EDBDAE22D55614BD23AA37A7AA6F2630C", "b_id": "3C75856B6B90E6BA52F7A255BC686CC76082D4AC2923DCA930EFCEA3B325EDC3", "message_hash": "544BE3CE", "payload_type": 5, "origin_id": "A89F567CB6D2643A5400F9AF7721F8E35D2A8D18C033B932A7B7DFA7FF8492C0", "receiver_id": "packets", "route_mode": "path", "topic": "meshcore/A89F567CB6D2643A5400F9AF7721F8E35D2A8D18C033B932A7B7DFA7FF8492C0/packets"}
{"ts": 1769514161.9351463, "a": [49.88804, 11.55772], "b": [49.951535, 11.611373], "a_id": "3C75856B6B90E6BA52F7A255BC686CC76082D4AC2923DCA930EFCEA3B325EDC3", "b_id": "1AF33A967365F2CB1BE7284B1F4AED377EA15BD5A4005A55CDDF2D9C4922714E", "message_hash": "544BE3CE", "payload_type": 5, "origin_id": "A89F567CB6D2643A5400F9AF7721F8E35D2A8D18C033B932A7B7DFA7FF8492C0", "receiver_id": "packets", "route_mode": "path", "topic": "meshcore/A89F567CB6D2643A5400F9AF7721F8E35D2A8D18C033B932A7B7DFA7FF8492C0/packets"}
{"ts": 1769514161.9351463, "a": [49.936846, 11.610518], "b": [49.951535, 11.611373], "a_id": "1AF33A967365F2CB1BE7284B1F4AED377EA15BD5A4005A55CDDF2D9C4922714E", "b_id": "47B8A43BC73957B51DFF7BEC44F24A2DC28FEAD31DC7E914372AFE40C2BDC5E5", "message_hash": "544BE3CE", "payload_type": 5, "origin_id": "A89F567CB6D2643A5400F9AF7721F8E35D2A8D18C033B932A7B7DFA7FF8492C0", "receiver_id": "packets", "route_mode": "path", "topic": "meshcore/A89F567CB6D2643A5400F9AF7721F8E35D2A8D18C033B932A7B7DFA7FF8492C0/packets"}
{"ts": 1769514170.1275232, "a": [50.04901, 11.28925], "b": [50.10477, 11.461145], "a_id": "50B6282F8419C343E60C010031DE5D962BB6585D137FF4049F68307CFD242FC2", "b_id": "80A00493C2E4313932DBDE6CEBFC296EDBDAE22D55614BD23AA37A7AA6F2630C", "message_hash": "544BE582", "payload_type": 5, "origin_id": "A89F567CB6D2643A5400F9AF7721F8E35D2A8D18C033B932A7B7DFA7FF8492C0", "receiver_id": "packets", "route_mode": "path", "topic": "meshcore/A89F567CB6D2643A5400F9AF7721F8E35D2A8D18C033B932A7B7DFA7FF8492C0/packets"}
{"ts": 1769514170.1275232, "a": [49.88804, 11.55772], "b": [50.10477, 11.461145], "a_id": "80A00493C2E4313932DBDE6CEBFC296EDBDAE22D55614BD23AA37A7AA6F2630C", "b_id": "3C75856B6B90E6BA52F7A255BC686CC76082D4AC2923DCA930EFCEA3B325EDC3", "message_hash": "544BE582", "payload_type": 5, "origin_id": "A89F567CB6D2643A5400F9AF7721F8E35D2A8D18C033B932A7B7DFA7FF8492C0", "receiver_id": "packets", "route_mode": "path", "topic": "meshcore/A89F567CB6D2643A5400F9AF7721F8E35D2A8D18C033B932A7B7DFA7FF8492C0/packets"}
{"ts": 1769514170.1275232, "a": [49.643404, 11.166407], "b": [49.88804, 11.55772], "a_id": "3C75856B6B90E6BA52F7A255BC686CC76082D4AC2923DCA930EFCEA3B325EDC3", "b_id": "533B87C67D239DE848146380CA0F4EAE77B52FBDBD1A8766956B8E37679B50A8", "message_hash": "544BE582", "payload_type": 5, "origin_id": "A89F567CB6D2643A5400F9AF7721F8E35D2A8D18C033B932A7B7DFA7FF8492C0", "receiver_id": "packets", "route_mode": "path", "topic": "meshcore/A89F567CB6D2643A5400F9AF7721F8E35D2A8D18C033B932A7B7DFA7FF8492C0/packets"}
{"ts": 1769514170.1275232, "a": [49.643404, 11.166407], "b": [49.837251, 11.048414], "a_id": "533B87C67D239DE848146380CA0F4EAE77B52FBDBD1A8766956B8E37679B50A8", "b_id": "E4710D0097627D7DF14D2762F32D4DD175BA9624E0FBE68A0A58F0DD86CDFF64", "message_hash": "544BE582", "payload_type": 5, "origin_id": "A89F567CB6D2643A5400F9AF7721F8E35D2A8D18C033B932A7B7DFA7FF8492C0", "receiver_id": "packets", "route_mode": "path", "topic": "meshcore/A89F567CB6D2643A5400F9AF7721F8E35D2A8D18C033B932A7B7DFA7FF8492C0/packets"}
{"ts": 1769514170.1275232, "a": [49.43956, 10.3094], "b": [49.837251, 11.048414], "a_id": "E4710D0097627D7DF14D2762F32D4DD175BA9624E0FBE68A0A58F0DD86CDFF64", "b_id": "8C2279911E6D2BDE1DF6560D8CB37AE8115B66794F40EAD0D8D196EA0C720605", "message_hash": "544BE582", "payload_type": 5, "origin_id": "A89F567CB6D2643A5400F9AF7721F8E35D2A8D18C033B932A7B7DFA7FF8492C0", "receiver_id": "packets", "route_mode": "path", "topic": "meshcore/A89F567CB6D2643A5400F9AF7721F8E35D2A8D18C033B932A7B7DFA7FF8492C0/packets"}
{"ts": 1769514170.1275232, "a": [49.43956, 10.3094], "b": [49.7923, 11.12658], "a_id": "8C2279911E6D2BDE1DF6560D8CB37AE8115B66794F40EAD0D8D196EA0C720605", "b_id": "EE2F7D1383512AA05D801BA83F9E51721C9FA3DE89A2EA196D977D104F5BDB4E", "message_hash": "544BE582", "payload_type": 5, "origin_id": "A89F567CB6D2643A5400F9AF7721F8E35D2A8D18C033B932A7B7DFA7FF8492C0", "receiver_id": "packets", "route_mode": "path", "topic": "meshcore/A89F567CB6D2643A5400F9AF7721F8E35D2A8D18C033B932A7B7DFA7FF8492C0/packets"}
{"ts": 1769514170.1275232, "a": [49.643404, 11.166407], "b": [49.7923, 11.12658], "a_id": "EE2F7D1383512AA05D801BA83F9E51721C9FA3DE89A2EA196D977D104F5BDB4E", "b_id": "533B87C67D239DE848146380CA0F4EAE77B52FBDBD1A8766956B8E37679B50A8", "message_hash": "544BE582", "payload_type": 5, "origin_id": "A89F567CB6D2643A5400F9AF7721F8E35D2A8D18C033B932A7B7DFA7FF8492C0", "receiver_id": "packets", "route_mode": "path", "topic": "meshcore/A89F567CB6D2643A5400F9AF7721F8E35D2A8D18C033B932A7B7DFA7FF8492C0/packets"}
{"ts": 1769514170.1275232, "a": [49.643404, 11.166407], "b": [50.04901, 11.28925], "a_id": "533B87C67D239DE848146380CA0F4EAE77B52FBDBD1A8766956B8E37679B50A8", "b_id": "50B6282F8419C343E60C010031DE5D962BB6585D137FF4049F68307CFD242FC2", "message_hash": "544BE582", "payload_type": 5, "origin_id": "A89F567CB6D2643A5400F9AF7721F8E35D2A8D18C033B932A7B7DFA7FF8492C0", "receiver_id": "packets", "route_mode": "path", "topic": "meshcore/A89F567CB6D2643A5400F9AF7721F8E35D2A8D18C033B932A7B7DFA7FF8492C0/packets"}
{"ts": 1769514170.1275232, "a": [50.04901, 11.28925], "b": [50.116108, 11.448191], "a_id": "50B6282F8419C343E60C010031DE5D962BB6585D137FF4049F68307CFD242FC2", "b_id": "028D7EA432625E45E199E1500C34F8F70008E23EA4A1740441B5C3EFA8302E11", "message_hash": "544BE582", "payload_type": 5, "origin_id": "A89F567CB6D2643A5400F9AF7721F8E35D2A8D18C033B932A7B7DFA7FF8492C0", "receiver_id": "packets", "route_mode": "path", "topic": "meshcore/A89F567CB6D2643A5400F9AF7721F8E35D2A8D18C033B932A7B7DFA7FF8492C0/packets"}
{"ts": 1769514170.1275232, "a": [50.009822, 11.378063], "b": [50.116108, 11.448191], "a_id": "028D7EA432625E45E199E1500C34F8F70008E23EA4A1740441B5C3EFA8302E11", "b_id": "DD95D0F1BDB138D091AEAB201258A9CE1887DEC3A7E717A9960C76F9B2F2EC0E", "message_hash": "544BE582", "payload_type": 5, "origin_id": "A89F567CB6D2643A5400F9AF7721F8E35D2A8D18C033B932A7B7DFA7FF8492C0", "receiver_id": "packets", "route_mode": "path", "topic": "meshcore/A89F567CB6D2643A5400F9AF7721F8E35D2A8D18C033B932A7B7DFA7FF8492C0/packets"}
{"ts": 1769514170.1275232, "a": [49.936846, 11.610518], "b": [50.009822, 11.378063], "a_id": "DD95D0F1BDB138D091AEAB201258A9CE1887DEC3A7E717A9960C76F9B2F2EC0E", "b_id": "47B8A43BC73957B51DFF7BEC44F24A2DC28FEAD31DC7E914372AFE40C2BDC5E5", "message_hash": "544BE582", "payload_type": 5, "origin_id": "A89F567CB6D2643A5400F9AF7721F8E35D2A8D18C033B932A7B7DFA7FF8492C0", "receiver_id": "packets", "route_mode": "path", "topic": "meshcore/A89F567CB6D2643A5400F9AF7721F8E35D2A8D18C033B932A7B7DFA7FF8492C0/packets"}
{"ts": 1769514170.751187, "a": [50.04901, 11.28925], "b": [50.10477, 11.461145], "a_id": "50B6282F8419C343E60C010031DE5D962BB6585D137FF4049F68307CFD242FC2", "b_id": "80A00493C2E4313932DBDE6CEBFC296EDBDAE22D55614BD23AA37A7AA6F2630C", "message_hash": "544BE582", "payload_type": 5, "origin_id": "A89F567CB6D2643A5400F9AF7721F8E35D2A8D18C033B932A7B7DFA7FF8492C0", "receiver_id": "packets", "route_mode": "path", "topic": "meshcore/A89F567CB6D2643A5400F9AF7721F8E35D2A8D18C033B932A7B7DFA7FF8492C0/packets"}
{"ts": 1769514170.751187, "a": [49.88804, 11.55772], "b": [50.10477, 11.461145], "a_id": "80A00493C2E4313932DBDE6CEBFC296EDBDAE22D55614BD23AA37A7AA6F2630C", "b_id": "3C75856B6B90E6BA52F7A255BC686CC76082D4AC2923DCA930EFCEA3B325EDC3", "message_hash": "544BE582", "payload_type": 5, "origin_id": "A89F567CB6D2643A5400F9AF7721F8E35D2A8D18C033B932A7B7DFA7FF8492C0", "receiver_id": "packets", "route_mode": "path", "topic": "meshcore/A89F567CB6D2643A5400F9AF7721F8E35D2A8D18C033B932A7B7DFA7FF8492C0/packets"}
{"ts": 1769514170.751187, "a": [49.643404, 11.166407], "b": [49.88804, 11.55772], "a_id": "3C75856B6B90E6BA52F7A255BC686CC76082D4AC2923DCA930EFCEA3B325EDC3", "b_id": "533B87C67D239DE848146380CA0F4EAE77B52FBDBD1A8766956B8E37679B50A8", "message_hash": "544BE582", "payload_type": 5, "origin_id": "A89F567CB6D2643A5400F9AF7721F8E35D2A8D18C033B932A7B7DFA7FF8492C0", "receiver_id": "packets", "route_mode": "path", "topic": "meshcore/A89F567CB6D2643A5400F9AF7721F8E35D2A8D18C033B932A7B7DFA7FF8492C0/packets"}
{"ts": 1769514170.751187, "a": [49.643404, 11.166407], "b": [49.837251, 11.048414], "a_id": "533B87C67D239DE848146380CA0F4EAE77B52FBDBD1A8766956B8E37679B50A8", "b_id": "E4710D0097627D7DF14D2762F32D4DD175BA9624E0FBE68A0A58F0DD86CDFF64", "message_hash": "544BE582", "payload_type": 5, "origin_id": "A89F567CB6D2643A5400F9AF7721F8E35D2A8D18C033B932A7B7DFA7FF8492C0", "receiver_id": "packets", "route_mode": "path", "topic": "meshcore/A89F567CB6D2643A5400F9AF7721F8E35D2A8D18C033B932A7B7DFA7FF8492C0/packets"}
{"ts": 1769514170.751187, "a": [49.43956, 10.3094], "b": [49.837251, 11.048414], "a_id": "E4710D0097627D7DF14D2762F32D4DD175BA9624E0FBE68A0A58F0DD86CDFF64", "b_id": "8C2279911E6D2BDE1DF6560D8CB37AE8115B66794F40EAD0D8D196EA0C720605", "message_hash": "544BE582", "payload_type": 5, "origin_id": "A89F567CB6D2643A5400F9AF7721F8E35D2A8D18C033B932A7B7DFA7FF8492C0", "receiver_id": "packets", "route_mode": "path", "topic": "meshcore/A89F567CB6D2643A5400F9AF7721F8E35D2A8D18C033B932A7B7DFA7FF8492C0/packets"}
{"ts": 1769514170.751187, "a": [49.43956, 10.3094], "b": [49.7923, 11.12658], "a_id": "8C2279911E6D2BDE1DF6560D8CB37AE8115B66794F40EAD0D8D196EA0C720605", "b_id": "EE2F7D1383512AA05D801BA83F9E51721C9FA3DE89A2EA196D977D104F5BDB4E", "message_hash": "544BE582", "payload_type": 5, "origin_id": "A89F567CB6D2643A5400F9AF7721F8E35D2A8D18C033B932A7B7DFA7FF8492C0", "receiver_id": "packets", "route_mode": "path", "topic": "meshcore/A89F567CB6D2643A5400F9AF7721F8E35D2A8D18C033B932A7B7DFA7FF8492C0/packets"}
{"ts": 1769514170.751187, "a": [49.71204, 11.30643], "b": [49.7923, 11.12658], "a_id": "EE2F7D1383512AA05D801BA83F9E51721C9FA3DE89A2EA196D977D104F5BDB4E", "b_id": "39AB9B02253D22040B940AD26404CC98F0BF0147936D9B5961A6F7F2DA868468", "message_hash": "544BE582", "payload_type": 5, "origin_id": "A89F567CB6D2643A5400F9AF7721F8E35D2A8D18C033B932A7B7DFA7FF8492C0", "receiver_id": "packets", "route_mode": "path", "topic": "meshcore/A89F567CB6D2643A5400F9AF7721F8E35D2A8D18C033B932A7B7DFA7FF8492C0/packets"}
{"ts": 1769514170.751187, "a": [49.71204, 11.30643], "b": [49.761611, 11.568452], "a_id": "39AB9B02253D22040B940AD26404CC98F0BF0147936D9B5961A6F7F2DA868468", "b_id": "4A25A065D35E5CEE7D492C3424CDA9ABBF19AECD1569256A041AB00D3ADA45E1", "message_hash": "544BE582", "payload_type": 5, "origin_id": "A89F567CB6D2643A5400F9AF7721F8E35D2A8D18C033B932A7B7DFA7FF8492C0", "receiver_id": "packets", "route_mode": "path", "topic": "meshcore/A89F567CB6D2643A5400F9AF7721F8E35D2A8D18C033B932A7B7DFA7FF8492C0/packets"}
{"ts": 1769514170.751187, "a": [49.75812, 11.53287], "b": [49.761611, 11.568452], "a_id": "4A25A065D35E5CEE7D492C3424CDA9ABBF19AECD1569256A041AB00D3ADA45E1", "b_id": "8E4CC2381F6513490B72095AB81AD60A17E963CCC0590F5A9F02073A2D3402E8", "message_hash": "544BE582", "payload_type": 5, "origin_id": "A89F567CB6D2643A5400F9AF7721F8E35D2A8D18C033B932A7B7DFA7FF8492C0", "receiver_id": "packets", "route_mode": "path", "topic": "meshcore/A89F567CB6D2643A5400F9AF7721F8E35D2A8D18C033B932A7B7DFA7FF8492C0/packets"}
{"ts": 1769514170.751187, "a": [49.75812, 11.53287], "b": [49.89528, 11.70689], "a_id": "8E4CC2381F6513490B72095AB81AD60A17E963CCC0590F5A9F02073A2D3402E8", "b_id": "8049FFDAB989D5C95BD03EDFB6B9846076EE9E8C21AC39C8DC8CA55391F1A0D8", "message_hash": "544BE582", "payload_type": 5, "origin_id": "A89F567CB6D2643A5400F9AF7721F8E35D2A8D18C033B932A7B7DFA7FF8492C0", "receiver_id": "packets", "route_mode": "path", "topic": "meshcore/A89F567CB6D2643A5400F9AF7721F8E35D2A8D18C033B932A7B7DFA7FF8492C0/packets"}
{"ts": 1769514170.751187, "a": [49.88804, 11.55772], "b": [49.89528, 11.70689], "a_id": "8049FFDAB989D5C95BD03EDFB6B9846076EE9E8C21AC39C8DC8CA55391F1A0D8", "b_id": "3C75856B6B90E6BA52F7A255BC686CC76082D4AC2923DCA930EFCEA3B325EDC3", "message_hash": "544BE582", "payload_type": 5, "origin_id": "A89F567CB6D2643A5400F9AF7721F8E35D2A8D18C033B932A7B7DFA7FF8492C0", "receiver_id": "packets", "route_mode": "path", "topic": "meshcore/A89F567CB6D2643A5400F9AF7721F8E35D2A8D18C033B932A7B7DFA7FF8492C0/packets"}
{"ts": 1769514170.751187, "a": [49.88804, 11.55772], "b": [49.951535, 11.611373], "a_id": "3C75856B6B90E6BA52F7A255BC686CC76082D4AC2923DCA930EFCEA3B325EDC3", "b_id": "1AF33A967365F2CB1BE7284B1F4AED377EA15BD5A4005A55CDDF2D9C4922714E", "message_hash": "544BE582", "payload_type": 5, "origin_id": "A89F567CB6D2643A5400F9AF7721F8E35D2A8D18C033B932A7B7DFA7FF8492C0", "receiver_id": "packets", "route_mode": "path", "topic": "meshcore/A89F567CB6D2643A5400F9AF7721F8E35D2A8D18C033B932A7B7DFA7FF8492C0/packets"}
{"ts": 1769514263.0153263, "a": [49.936846, 11.610518], "b": [49.951535, 11.611373], "a_id": "1AF33A967365F2CB1BE7284B1F4AED377EA15BD5A4005A55CDDF2D9C4922714E", "b_id": "47B8A43BC73957B51DFF7BEC44F24A2DC28FEAD31DC7E914372AFE40C2BDC5E5", "message_hash": "16346B28", "payload_type": 2, "origin_id": "A89F567CB6D2643A5400F9AF7721F8E35D2A8D18C033B932A7B7DFA7FF8492C0", "receiver_id": "packets", "route_mode": "path", "topic": "meshcore/A89F567CB6D2643A5400F9AF7721F8E35D2A8D18C033B932A7B7DFA7FF8492C0/packets"}
{"ts": 1769514396.4767778, "a": [49.48404, 10.86353], "b": [49.89528, 11.70689], "a_id": "8E5CF64CA646F732ECCCB1DBACEEDD888347A9CCEA5C67BB385715CA3971C24A", "b_id": "8049FFDAB989D5C95BD03EDFB6B9846076EE9E8C21AC39C8DC8CA55391F1A0D8", "message_hash": "72F60790", "payload_type": 2, "origin_id": "A89F567CB6D2643A5400F9AF7721F8E35D2A8D18C033B932A7B7DFA7FF8492C0", "receiver_id": "packets", "route_mode": "path", "topic": "meshcore/A89F567CB6D2643A5400F9AF7721F8E35D2A8D18C033B932A7B7DFA7FF8492C0/packets"}
{"ts": 1769514396.4767778, "a": [49.88804, 11.55772], "b": [49.89528, 11.70689], "a_id": "8049FFDAB989D5C95BD03EDFB6B9846076EE9E8C21AC39C8DC8CA55391F1A0D8", "b_id": "3C75856B6B90E6BA52F7A255BC686CC76082D4AC2923DCA930EFCEA3B325EDC3", "message_hash": "72F60790", "payload_type": 2, "origin_id": "A89F567CB6D2643A5400F9AF7721F8E35D2A8D18C033B932A7B7DFA7FF8492C0", "receiver_id": "packets", "route_mode": "path", "topic": "meshcore/A89F567CB6D2643A5400F9AF7721F8E35D2A8D18C033B932A7B7DFA7FF8492C0/packets"}
{"ts": 1769514396.4767778, "a": [49.88804, 11.55772], "b": [49.951535, 11.611373], "a_id": "3C75856B6B90E6BA52F7A255BC686CC76082D4AC2923DCA930EFCEA3B325EDC3", "b_id": "1AF33A967365F2CB1BE7284B1F4AED377EA15BD5A4005A55CDDF2D9C4922714E", "message_hash": "72F60790", "payload_type": 2, "origin_id": "A89F567CB6D2643A5400F9AF7721F8E35D2A8D18C033B932A7B7DFA7FF8492C0", "receiver_id": "packets", "route_mode": "path", "topic": "meshcore/A89F567CB6D2643A5400F9AF7721F8E35D2A8D18C033B932A7B7DFA7FF8492C0/packets"}
{"ts": 1769514438.5813005, "a": [49.458261, 11.094843], "b": [49.465218, 11.083854], "a_id": "6FC93834C7CD392CB5808F54C345CFDB33453FDD2C6B5F61EA6F5D0A30A3A195", "b_id": "0F8D870E25D67FFA7B9F55CDF2E23B9475589031E021F51899DC545B91D0C5B4", "message_hash": "C37B9B65", "payload_type": 4, "origin_id": "6FC93834C7CD392CB5808F54C345CFDB33453FDD2C6B5F61EA6F5D0A30A3A195", "receiver_id": "packets", "route_mode": "path", "topic": "meshcore/A89F567CB6D2643A5400F9AF7721F8E35D2A8D18C033B932A7B7DFA7FF8492C0/packets"}
{"ts": 1769514438.5813005, "a": [49.458261, 11.094843], "b": [49.643404, 11.166407], "a_id": "0F8D870E25D67FFA7B9F55CDF2E23B9475589031E021F51899DC545B91D0C5B4", "b_id": "533B87C67D239DE848146380CA0F4EAE77B52FBDBD1A8766956B8E37679B50A8", "message_hash": "C37B9B65", "payload_type": 4, "origin_id": "6FC93834C7CD392CB5808F54C345CFDB33453FDD2C6B5F61EA6F5D0A30A3A195", "receiver_id": "packets", "route_mode": "path", "topic": "meshcore/A89F567CB6D2643A5400F9AF7721F8E35D2A8D18C033B932A7B7DFA7FF8492C0/packets"}
{"ts": 1769514438.5813005, "a": [49.643404, 11.166407], "b": [50.04901, 11.28925], "a_id": "533B87C67D239DE848146380CA0F4EAE77B52FBDBD1A8766956B8E37679B50A8", "b_id": "50B6282F8419C343E60C010031DE5D962BB6585D137FF4049F68307CFD242FC2", "message_hash": "C37B9B65", "payload_type": 4, "origin_id": "6FC93834C7CD392CB5808F54C345CFDB33453FDD2C6B5F61EA6F5D0A30A3A195", "receiver_id": "packets", "route_mode": "path", "topic": "meshcore/A89F567CB6D2643A5400F9AF7721F8E35D2A8D18C033B932A7B7DFA7FF8492C0/packets"}
{"ts": 1769514438.5813005, "a": [50.04901, 11.28925], "b": [50.10477, 11.461145], "a_id": "50B6282F8419C343E60C010031DE5D962BB6585D137FF4049F68307CFD242FC2", "b_id": "80A00493C2E4313932DBDE6CEBFC296EDBDAE22D55614BD23AA37A7AA6F2630C", "message_hash": "C37B9B65", "payload_type": 4, "origin_id": "6FC93834C7CD392CB5808F54C345CFDB33453FDD2C6B5F61EA6F5D0A30A3A195", "receiver_id": "packets", "route_mode": "path", "topic": "meshcore/A89F567CB6D2643A5400F9AF7721F8E35D2A8D18C033B932A7B7DFA7FF8492C0/packets"}
{"ts": 1769514438.5813005, "a": [49.88804, 11.55772], "b": [50.10477, 11.461145], "a_id": "80A00493C2E4313932DBDE6CEBFC296EDBDAE22D55614BD23AA37A7AA6F2630C", "b_id": "3C75856B6B90E6BA52F7A255BC686CC76082D4AC2923DCA930EFCEA3B325EDC3", "message_hash": "C37B9B65", "payload_type": 4, "origin_id": "6FC93834C7CD392CB5808F54C345CFDB33453FDD2C6B5F61EA6F5D0A30A3A195", "receiver_id": "packets", "route_mode": "path", "topic": "meshcore/A89F567CB6D2643A5400F9AF7721F8E35D2A8D18C033B932A7B7DFA7FF8492C0/packets"}
{"ts": 1769514438.5813005, "a": [49.88804, 11.55772], "b": [49.951535, 11.611373], "a_id": "3C75856B6B90E6BA52F7A255BC686CC76082D4AC2923DCA930EFCEA3B325EDC3", "b_id": "1AF33A967365F2CB1BE7284B1F4AED377EA15BD5A4005A55CDDF2D9C4922714E", "message_hash": "C37B9B65", "payload_type": 4, "origin_id": "6FC93834C7CD392CB5808F54C345CFDB33453FDD2C6B5F61EA6F5D0A30A3A195", "receiver_id": "packets", "route_mode": "path", "topic": "meshcore/A89F567CB6D2643A5400F9AF7721F8E35D2A8D18C033B932A7B7DFA7FF8492C0/packets"}
{"ts": 1769514442.1626885, "a": [49.458261, 11.094843], "b": [49.465218, 11.083854], "a_id": "6FC93834C7CD392CB5808F54C345CFDB33453FDD2C6B5F61EA6F5D0A30A3A195", "b_id": "0F8D870E25D67FFA7B9F55CDF2E23B9475589031E021F51899DC545B91D0C5B4", "message_hash": "C37B9B65", "payload_type": 4, "origin_id": "6FC93834C7CD392CB5808F54C345CFDB33453FDD2C6B5F61EA6F5D0A30A3A195", "receiver_id": "packets", "route_mode": "path", "topic": "meshcore/A89F567CB6D2643A5400F9AF7721F8E35D2A8D18C033B932A7B7DFA7FF8492C0/packets"}
{"ts": 1769514442.1626885, "a": [49.458261, 11.094843], "b": [49.643404, 11.166407], "a_id": "0F8D870E25D67FFA7B9F55CDF2E23B9475589031E021F51899DC545B91D0C5B4", "b_id": "533B87C67D239DE848146380CA0F4EAE77B52FBDBD1A8766956B8E37679B50A8", "message_hash": "C37B9B65", "payload_type": 4, "origin_id": "6FC93834C7CD392CB5808F54C345CFDB33453FDD2C6B5F61EA6F5D0A30A3A195", "receiver_id": "packets", "route_mode": "path", "topic": "meshcore/A89F567CB6D2643A5400F9AF7721F8E35D2A8D18C033B932A7B7DFA7FF8492C0/packets"}
{"ts": 1769514442.1626885, "a": [49.643404, 11.166407], "b": [50.04901, 11.28925], "a_id": "533B87C67D239DE848146380CA0F4EAE77B52FBDBD1A8766956B8E37679B50A8", "b_id": "50B6282F8419C343E60C010031DE5D962BB6585D137FF4049F68307CFD242FC2", "message_hash": "C37B9B65", "payload_type": 4, "origin_id": "6FC93834C7CD392CB5808F54C345CFDB33453FDD2C6B5F61EA6F5D0A30A3A195", "receiver_id": "packets", "route_mode": "path", "topic": "meshcore/A89F567CB6D2643A5400F9AF7721F8E35D2A8D18C033B932A7B7DFA7FF8492C0/packets"}
{"ts": 1769514442.1626885, "a": [50.04901, 11.28925], "b": [50.10477, 11.461145], "a_id": "50B6282F8419C343E60C010031DE5D962BB6585D137FF4049F68307CFD242FC2", "b_id": "80A00493C2E4313932DBDE6CEBFC296EDBDAE22D55614BD23AA37A7AA6F2630C", "message_hash": "C37B9B65", "payload_type": 4, "origin_id": "6FC93834C7CD392CB5808F54C345CFDB33453FDD2C6B5F61EA6F5D0A30A3A195", "receiver_id": "packets", "route_mode": "path", "topic": "meshcore/A89F567CB6D2643A5400F9AF7721F8E35D2A8D18C033B932A7B7DFA7FF8492C0/packets"}
{"ts": 1769514442.1626885, "a": [49.88804, 11.55772], "b": [50.10477, 11.461145], "a_id": "80A00493C2E4313932DBDE6CEBFC296EDBDAE22D55614BD23AA37A7AA6F2630C", "b_id": "3C75856B6B90E6BA52F7A255BC686CC76082D4AC2923DCA930EFCEA3B325EDC3", "message_hash": "C37B9B65", "payload_type": 4, "origin_id": "6FC93834C7CD392CB5808F54C345CFDB33453FDD2C6B5F61EA6F5D0A30A3A195", "receiver_id": "packets", "route_mode": "path", "topic": "meshcore/A89F567CB6D2643A5400F9AF7721F8E35D2A8D18C033B932A7B7DFA7FF8492C0/packets"}
{"ts": 1769514442.1626885, "a": [49.88804, 11.55772], "b": [49.951535, 11.611373], "a_id": "3C75856B6B90E6BA52F7A255BC686CC76082D4AC2923DCA930EFCEA3B325EDC3", "b_id": "1AF33A967365F2CB1BE7284B1F4AED377EA15BD5A4005A55CDDF2D9C4922714E", "message_hash": "C37B9B65", "payload_type": 4, "origin_id": "6FC93834C7CD392CB5808F54C345CFDB33453FDD2C6B5F61EA6F5D0A30A3A195", "receiver_id": "packets", "route_mode": "path", "topic": "meshcore/A89F567CB6D2643A5400F9AF7721F8E35D2A8D18C033B932A7B7DFA7FF8492C0/packets"}
{"ts": 1769514442.1626885, "a": [49.936846, 11.610518], "b": [49.951535, 11.611373], "a_id": "1AF33A967365F2CB1BE7284B1F4AED377EA15BD5A4005A55CDDF2D9C4922714E", "b_id": "47B8A43BC73957B51DFF7BEC44F24A2DC28FEAD31DC7E914372AFE40C2BDC5E5", "message_hash": "C37B9B65", "payload_type": 4, "origin_id": "6FC93834C7CD392CB5808F54C345CFDB33453FDD2C6B5F61EA6F5D0A30A3A195", "receiver_id": "packets", "route_mode": "path", "topic": "meshcore/A89F567CB6D2643A5400F9AF7721F8E35D2A8D18C033B932A7B7DFA7FF8492C0/packets"}
{"ts": 1769514476.9790165, "a": [49.71204, 11.30643], "b": [49.837251, 11.048414], "a_id": "E4710D0097627D7DF14D2762F32D4DD175BA9624E0FBE68A0A58F0DD86CDFF64", "b_id": "39AB9B02253D22040B940AD26404CC98F0BF0147936D9B5961A6F7F2DA868468", "message_hash": "AB62AFE7", "payload_type": 5, "origin_id": "A89F567CB6D2643A5400F9AF7721F8E35D2A8D18C033B932A7B7DFA7FF8492C0", "receiver_id": "packets", "route_mode": "path", "topic": "meshcore/A89F567CB6D2643A5400F9AF7721F8E35D2A8D18C033B932A7B7DFA7FF8492C0/packets"}
{"ts": 1769514476.9790165, "a": [49.71204, 11.30643], "b": [49.75812, 11.53287], "a_id": "39AB9B02253D22040B940AD26404CC98F0BF0147936D9B5961A6F7F2DA868468", "b_id": "8E4CC2381F6513490B72095AB81AD60A17E963CCC0590F5A9F02073A2D3402E8", "message_hash": "AB62AFE7", "payload_type": 5, "origin_id": "A89F567CB6D2643A5400F9AF7721F8E35D2A8D18C033B932A7B7DFA7FF8492C0", "receiver_id": "packets", "route_mode": "path", "topic": "meshcore/A89F567CB6D2643A5400F9AF7721F8E35D2A8D18C033B932A7B7DFA7FF8492C0/packets"}
{"ts": 1769514476.9790165, "a": [49.75812, 11.53287], "b": [49.89528, 11.70689], "a_id": "8E4CC2381F6513490B72095AB81AD60A17E963CCC0590F5A9F02073A2D3402E8", "b_id": "8049FFDAB989D5C95BD03EDFB6B9846076EE9E8C21AC39C8DC8CA55391F1A0D8", "message_hash": "AB62AFE7", "payload_type": 5, "origin_id": "A89F567CB6D2643A5400F9AF7721F8E35D2A8D18C033B932A7B7DFA7FF8492C0", "receiver_id": "packets", "route_mode": "path", "topic": "meshcore/A89F567CB6D2643A5400F9AF7721F8E35D2A8D18C033B932A7B7DFA7FF8492C0/packets"}
{"ts": 1769514476.9790165, "a": [49.88804, 11.55772], "b": [49.89528, 11.70689], "a_id": "8049FFDAB989D5C95BD03EDFB6B9846076EE9E8C21AC39C8DC8CA55391F1A0D8", "b_id": "3C75856B6B90E6BA52F7A255BC686CC76082D4AC2923DCA930EFCEA3B325EDC3", "message_hash": "AB62AFE7", "payload_type": 5, "origin_id": "A89F567CB6D2643A5400F9AF7721F8E35D2A8D18C033B932A7B7DFA7FF8492C0", "receiver_id": "packets", "route_mode": "path", "topic": "meshcore/A89F567CB6D2643A5400F9AF7721F8E35D2A8D18C033B932A7B7DFA7FF8492C0/packets"}
{"ts": 1769514476.9790165, "a": [49.88804, 11.55772], "b": [49.951535, 11.611373], "a_id": "3C75856B6B90E6BA52F7A255BC686CC76082D4AC2923DCA930EFCEA3B325EDC3", "b_id": "1AF33A967365F2CB1BE7284B1F4AED377EA15BD5A4005A55CDDF2D9C4922714E", "message_hash": "AB62AFE7", "payload_type": 5, "origin_id": "A89F567CB6D2643A5400F9AF7721F8E35D2A8D18C033B932A7B7DFA7FF8492C0", "receiver_id": "packets", "route_mode": "path", "topic": "meshcore/A89F567CB6D2643A5400F9AF7721F8E35D2A8D18C033B932A7B7DFA7FF8492C0/packets"}
{"ts": 1769514477.9621491, "a": [49.643404, 11.166407], "b": [49.837251, 11.048414], "a_id": "E4710D0097627D7DF14D2762F32D4DD175BA9624E0FBE68A0A58F0DD86CDFF64", "b_id": "533B87C67D239DE848146380CA0F4EAE77B52FBDBD1A8766956B8E37679B50A8", "message_hash": "AB62AFE7", "payload_type": 5, "origin_id": "A89F567CB6D2643A5400F9AF7721F8E35D2A8D18C033B932A7B7DFA7FF8492C0", "receiver_id": "packets", "route_mode": "path", "topic": "meshcore/A89F567CB6D2643A5400F9AF7721F8E35D2A8D18C033B932A7B7DFA7FF8492C0/packets"}
{"ts": 1769514477.9621491, "a": [49.643404, 11.166407], "b": [50.04901, 11.28925], "a_id": "533B87C67D239DE848146380CA0F4EAE77B52FBDBD1A8766956B8E37679B50A8", "b_id": "50B6282F8419C343E60C010031DE5D962BB6585D137FF4049F68307CFD242FC2", "message_hash": "AB62AFE7", "payload_type": 5, "origin_id": "A89F567CB6D2643A5400F9AF7721F8E35D2A8D18C033B932A7B7DFA7FF8492C0", "receiver_id": "packets", "route_mode": "path", "topic": "meshcore/A89F567CB6D2643A5400F9AF7721F8E35D2A8D18C033B932A7B7DFA7FF8492C0/packets"}
{"ts": 1769514477.9621491, "a": [50.04901, 11.28925], "b": [50.061736, 11.486714], "a_id": "50B6282F8419C343E60C010031DE5D962BB6585D137FF4049F68307CFD242FC2", "b_id": "9BA848CD1136257EDE06947913B278627804D10746267F7E75D8BD4452D05D0E", "message_hash": "AB62AFE7", "payload_type": 5, "origin_id": "A89F567CB6D2643A5400F9AF7721F8E35D2A8D18C033B932A7B7DFA7FF8492C0", "receiver_id": "packets", "route_mode": "path", "topic": "meshcore/A89F567CB6D2643A5400F9AF7721F8E35D2A8D18C033B932A7B7DFA7FF8492C0/packets"}
{"ts": 1769514477.9621491, "a": [49.936846, 11.610518], "b": [50.061736, 11.486714], "a_id": "9BA848CD1136257EDE06947913B278627804D10746267F7E75D8BD4452D05D0E", "b_id": "47B8A43BC73957B51DFF7BEC44F24A2DC28FEAD31DC7E914372AFE40C2BDC5E5", "message_hash": "AB62AFE7", "payload_type": 5, "origin_id": "A89F567CB6D2643A5400F9AF7721F8E35D2A8D18C033B932A7B7DFA7FF8492C0", "receiver_id": "packets", "route_mode": "path", "topic": "meshcore/A89F567CB6D2643A5400F9AF7721F8E35D2A8D18C033B932A7B7DFA7FF8492C0/packets"}
{"ts": 1769514555.3794234, "a": [49.837251, 11.048414], "b": [50.342712, 9.942052], "a_id": "37434F1F81537799B9E3D4616B4066405507D46D124F0328DB14757B955534DB", "b_id": "E4710D0097627D7DF14D2762F32D4DD175BA9624E0FBE68A0A58F0DD86CDFF64", "message_hash": "0B19F1E3", "payload_type": 4, "origin_id": "37434F1F81537799B9E3D4616B4066405507D46D124F0328DB14757B955534DB", "receiver_id": "packets", "route_mode": "path", "topic": "meshcore/A89F567CB6D2643A5400F9AF7721F8E35D2A8D18C033B932A7B7DFA7FF8492C0/packets"}
{"ts": 1769514555.3794234, "a": [49.436065, 11.003201], "b": [49.837251, 11.048414], "a_id": "E4710D0097627D7DF14D2762F32D4DD175BA9624E0FBE68A0A58F0DD86CDFF64", "b_id": "BB572DAFE4237275B1DEAB4E2AAF3155CF8FBD6058889EF5230B2E04566CB2DF", "message_hash": "0B19F1E3", "payload_type": 4, "origin_id": "37434F1F81537799B9E3D4616B4066405507D46D124F0328DB14757B955534DB", "receiver_id": "packets", "route_mode": "path", "topic": "meshcore/A89F567CB6D2643A5400F9AF7721F8E35D2A8D18C033B932A7B7DFA7FF8492C0/packets"}
{"ts": 1769514555.3794234, "a": [49.436065, 11.003201], "b": [49.596141, 10.971156], "a_id": "BB572DAFE4237275B1DEAB4E2AAF3155CF8FBD6058889EF5230B2E04566CB2DF", "b_id": "7EBC708D5337A120E2F3BB08FD2B3F25EA345424E12D4B087987F6E16B580C78", "message_hash": "0B19F1E3", "payload_type": 4, "origin_id": "37434F1F81537799B9E3D4616B4066405507D46D124F0328DB14757B955534DB", "receiver_id": "packets", "route_mode": "path", "topic": "meshcore/A89F567CB6D2643A5400F9AF7721F8E35D2A8D18C033B932A7B7DFA7FF8492C0/packets"}
{"ts": 1769514555.3794234, "a": [49.596141, 10.971156], "b": [49.643404, 11.166407], "a_id": "7EBC708D5337A120E2F3BB08FD2B3F25EA345424E12D4B087987F6E16B580C78", "b_id": "533B87C67D239DE848146380CA0F4EAE77B52FBDBD1A8766956B8E37679B50A8", "message_hash": "0B19F1E3", "payload_type": 4, "origin_id": "37434F1F81537799B9E3D4616B4066405507D46D124F0328DB14757B955534DB", "receiver_id": "packets", "route_mode": "path", "topic": "meshcore/A89F567CB6D2643A5400F9AF7721F8E35D2A8D18C033B932A7B7DFA7FF8492C0/packets"}
{"ts": 1769514555.3794234, "a": [49.643404, 11.166407], "b": [50.04901, 11.28925], "a_id": "533B87C67D239DE848146380CA0F4EAE77B52FBDBD1A8766956B8E37679B50A8", "b_id": "50B6282F8419C343E60C010031DE5D962BB6585D137FF4049F68307CFD242FC2", "message_hash": "0B19F1E3", "payload_type": 4, "origin_id": "37434F1F81537799B9E3D4616B4066405507D46D124F0328DB14757B955534DB", "receiver_id": "packets", "route_mode": "path", "topic": "meshcore/A89F567CB6D2643A5400F9AF7721F8E35D2A8D18C033B932A7B7DFA7FF8492C0/packets"}
{"ts": 1769514555.3794234, "a": [50.04901, 11.28925], "b": [50.061736, 11.486714], "a_id": "50B6282F8419C343E60C010031DE5D962BB6585D137FF4049F68307CFD242FC2", "b_id": "9BA848CD1136257EDE06947913B278627804D10746267F7E75D8BD4452D05D0E", "message_hash": "0B19F1E3", "payload_type": 4, "origin_id": "37434F1F81537799B9E3D4616B4066405507D46D124F0328DB14757B955534DB", "receiver_id": "packets", "route_mode": "path", "topic": "meshcore/A89F567CB6D2643A5400F9AF7721F8E35D2A8D18C033B932A7B7DFA7FF8492C0/packets"}
{"ts": 1769514555.3794234, "a": [49.936846, 11.610518], "b": [50.061736, 11.486714], "a_id": "9BA848CD1136257EDE06947913B278627804D10746267F7E75D8BD4452D05D0E", "b_id": "47B8A43BC73957B51DFF7BEC44F24A2DC28FEAD31DC7E914372AFE40C2BDC5E5", "message_hash": "0B19F1E3", "payload_type": 4, "origin_id": "37434F1F81537799B9E3D4616B4066405507D46D124F0328DB14757B955534DB", "receiver_id": "packets", "route_mode": "path", "topic": "meshcore/A89F567CB6D2643A5400F9AF7721F8E35D2A8D18C033B932A7B7DFA7FF8492C0/packets"}
{"ts": 1769514557.967878, "a": [49.837251, 11.048414], "b": [50.342712, 9.942052], "a_id": "37434F1F81537799B9E3D4616B4066405507D46D124F0328DB14757B955534DB", "b_id": "E4710D0097627D7DF14D2762F32D4DD175BA9624E0FBE68A0A58F0DD86CDFF64", "message_hash": "0B19F1E3", "payload_type": 4, "origin_id": "37434F1F81537799B9E3D4616B4066405507D46D124F0328DB14757B955534DB", "receiver_id": "packets", "route_mode": "path", "topic": "meshcore/A89F567CB6D2643A5400F9AF7721F8E35D2A8D18C033B932A7B7DFA7FF8492C0/packets"}
{"ts": 1769514557.967878, "a": [49.71204, 11.30643], "b": [49.837251, 11.048414], "a_id": "E4710D0097627D7DF14D2762F32D4DD175BA9624E0FBE68A0A58F0DD86CDFF64", "b_id": "39AB9B02253D22040B940AD26404CC98F0BF0147936D9B5961A6F7F2DA868468", "message_hash": "0B19F1E3", "payload_type": 4, "origin_id": "37434F1F81537799B9E3D4616B4066405507D46D124F0328DB14757B955534DB", "receiver_id": "packets", "route_mode": "path", "topic": "meshcore/A89F567CB6D2643A5400F9AF7721F8E35D2A8D18C033B932A7B7DFA7FF8492C0/packets"}
{"ts": 1769514557.967878, "a": [49.71204, 11.30643], "b": [49.75812, 11.53287], "a_id": "39AB9B02253D22040B940AD26404CC98F0BF0147936D9B5961A6F7F2DA868468", "b_id": "8E4CC2381F6513490B72095AB81AD60A17E963CCC0590F5A9F02073A2D3402E8", "message_hash": "0B19F1E3", "payload_type": 4, "origin_id": "37434F1F81537799B9E3D4616B4066405507D46D124F0328DB14757B955534DB", "receiver_id": "packets", "route_mode": "path", "topic": "meshcore/A89F567CB6D2643A5400F9AF7721F8E35D2A8D18C033B932A7B7DFA7FF8492C0/packets"}
{"ts": 1769514557.967878, "a": [49.75812, 11.53287], "b": [49.89528, 11.70689], "a_id": "8E4CC2381F6513490B72095AB81AD60A17E963CCC0590F5A9F02073A2D3402E8", "b_id": "8049FFDAB989D5C95BD03EDFB6B9846076EE9E8C21AC39C8DC8CA55391F1A0D8", "message_hash": "0B19F1E3", "payload_type": 4, "origin_id": "37434F1F81537799B9E3D4616B4066405507D46D124F0328DB14757B955534DB", "receiver_id": "packets", "route_mode": "path", "topic": "meshcore/A89F567CB6D2643A5400F9AF7721F8E35D2A8D18C033B932A7B7DFA7FF8492C0/packets"}
{"ts": 1769514557.967878, "a": [49.88804, 11.55772], "b": [49.89528, 11.70689], "a_id": "8049FFDAB989D5C95BD03EDFB6B9846076EE9E8C21AC39C8DC8CA55391F1A0D8", "b_id": "3C75856B6B90E6BA52F7A255BC686CC76082D4AC2923DCA930EFCEA3B325EDC3", "message_hash": "0B19F1E3", "payload_type": 4, "origin_id": "37434F1F81537799B9E3D4616B4066405507D46D124F0328DB14757B955534DB", "receiver_id": "packets", "route_mode": "path", "topic": "meshcore/A89F567CB6D2643A5400F9AF7721F8E35D2A8D18C033B932A7B7DFA7FF8492C0/packets"}
{"ts": 1769514557.967878, "a": [49.88804, 11.55772], "b": [49.951535, 11.611373], "a_id": "3C75856B6B90E6BA52F7A255BC686CC76082D4AC2923DCA930EFCEA3B325EDC3", "b_id": "1AF33A967365F2CB1BE7284B1F4AED377EA15BD5A4005A55CDDF2D9C4922714E", "message_hash": "0B19F1E3", "payload_type": 4, "origin_id": "37434F1F81537799B9E3D4616B4066405507D46D124F0328DB14757B955534DB", "receiver_id": "packets", "route_mode": "path", "topic": "meshcore/A89F567CB6D2643A5400F9AF7721F8E35D2A8D18C033B932A7B7DFA7FF8492C0/packets"}
{"ts": 1769514558.991898, "a": [49.596141, 10.971156], "b": [49.71204, 11.30643], "a_id": "7EBC708D5337A120E2F3BB08FD2B3F25EA345424E12D4B087987F6E16B580C78", "b_id": "39AB9B02253D22040B940AD26404CC98F0BF0147936D9B5961A6F7F2DA868468", "message_hash": "6EE12801", "payload_type": 5, "origin_id": "A89F567CB6D2643A5400F9AF7721F8E35D2A8D18C033B932A7B7DFA7FF8492C0", "receiver_id": "packets", "route_mode": "path", "topic": "meshcore/A89F567CB6D2643A5400F9AF7721F8E35D2A8D18C033B932A7B7DFA7FF8492C0/packets"}
{"ts": 1769514558.991898, "a": [49.71204, 11.30643], "b": [49.761611, 11.568452], "a_id": "39AB9B02253D22040B940AD26404CC98F0BF0147936D9B5961A6F7F2DA868468", "b_id": "4A25A065D35E5CEE7D492C3424CDA9ABBF19AECD1569256A041AB00D3ADA45E1", "message_hash": "6EE12801", "payload_type": 5, "origin_id": "A89F567CB6D2643A5400F9AF7721F8E35D2A8D18C033B932A7B7DFA7FF8492C0", "receiver_id": "packets", "route_mode": "path", "topic": "meshcore/A89F567CB6D2643A5400F9AF7721F8E35D2A8D18C033B932A7B7DFA7FF8492C0/packets"}
{"ts": 1769514558.991898, "a": [49.75812, 11.53287], "b": [49.761611, 11.568452], "a_id": "4A25A065D35E5CEE7D492C3424CDA9ABBF19AECD1569256A041AB00D3ADA45E1", "b_id": "8E4CC2381F6513490B72095AB81AD60A17E963CCC0590F5A9F02073A2D3402E8", "message_hash": "6EE12801", "payload_type": 5, "origin_id": "A89F567CB6D2643A5400F9AF7721F8E35D2A8D18C033B932A7B7DFA7FF8492C0", "receiver_id": "packets", "route_mode": "path", "topic": "meshcore/A89F567CB6D2643A5400F9AF7721F8E35D2A8D18C033B932A7B7DFA7FF8492C0/packets"}
{"ts": 1769514558.991898, "a": [49.75812, 11.53287], "b": [49.89528, 11.70689], "a_id": "8E4CC2381F6513490B72095AB81AD60A17E963CCC0590F5A9F02073A2D3402E8", "b_id": "8049FFDAB989D5C95BD03EDFB6B9846076EE9E8C21AC39C8DC8CA55391F1A0D8", "message_hash": "6EE12801", "payload_type": 5, "origin_id": "A89F567CB6D2643A5400F9AF7721F8E35D2A8D18C033B932A7B7DFA7FF8492C0", "receiver_id": "packets", "route_mode": "path", "topic": "meshcore/A89F567CB6D2643A5400F9AF7721F8E35D2A8D18C033B932A7B7DFA7FF8492C0/packets"}
{"ts": 1769514558.991898, "a": [49.88804, 11.55772], "b": [49.89528, 11.70689], "a_id": "8049FFDAB989D5C95BD03EDFB6B9846076EE9E8C21AC39C8DC8CA55391F1A0D8", "b_id": "3C75856B6B90E6BA52F7A255BC686CC76082D4AC2923DCA930EFCEA3B325EDC3", "message_hash": "6EE12801", "payload_type": 5, "origin_id": "A89F567CB6D2643A5400F9AF7721F8E35D2A8D18C033B932A7B7DFA7FF8492C0", "receiver_id": "packets", "route_mode": "path", "topic": "meshcore/A89F567CB6D2643A5400F9AF7721F8E35D2A8D18C033B932A7B7DFA7FF8492C0/packets"}
{"ts": 1769514558.991898, "a": [49.88804, 11.55772], "b": [49.888064, 11.557681], "a_id": "3C75856B6B90E6BA52F7A255BC686CC76082D4AC2923DCA930EFCEA3B325EDC3", "b_id": "A09932D0D1ECAB5E70903B7DBD8DD522E14C6E8474DF44071E07797A5736730E", "message_hash": "6EE12801", "payload_type": 5, "origin_id": "A89F567CB6D2643A5400F9AF7721F8E35D2A8D18C033B932A7B7DFA7FF8492C0", "receiver_id": "packets", "route_mode": "path", "topic": "meshcore/A89F567CB6D2643A5400F9AF7721F8E35D2A8D18C033B932A7B7DFA7FF8492C0/packets"}
{"ts": 1769514558.991898, "a": [49.888064, 11.557681], "b": [49.936846, 11.610518], "a_id": "A09932D0D1ECAB5E70903B7DBD8DD522E14C6E8474DF44071E07797A5736730E", "b_id": "47B8A43BC73957B51DFF7BEC44F24A2DC28FEAD31DC7E914372AFE40C2BDC5E5", "message_hash": "6EE12801", "payload_type": 5, "origin_id": "A89F567CB6D2643A5400F9AF7721F8E35D2A8D18C033B932A7B7DFA7FF8492C0", "receiver_id": "packets", "route_mode": "path", "topic": "meshcore/A89F567CB6D2643A5400F9AF7721F8E35D2A8D18C033B932A7B7DFA7FF8492C0/packets"}
{"ts": 1769514560.6095397, "a": [49.596141, 10.971156], "b": [49.71204, 11.30643], "a_id": "7EBC708D5337A120E2F3BB08FD2B3F25EA345424E12D4B087987F6E16B580C78", "b_id": "39AB9B02253D22040B940AD26404CC98F0BF0147936D9B5961A6F7F2DA868468", "message_hash": "6EE12801", "payload_type": 5, "origin_id": "A89F567CB6D2643A5400F9AF7721F8E35D2A8D18C033B932A7B7DFA7FF8492C0", "receiver_id": "packets", "route_mode": "path", "topic": "meshcore/A89F567CB6D2643A5400F9AF7721F8E35D2A8D18C033B932A7B7DFA7FF8492C0/packets"}
{"ts": 1769514560.6095397, "a": [49.71204, 11.30643], "b": [49.761611, 11.568452], "a_id": "39AB9B02253D22040B940AD26404CC98F0BF0147936D9B5961A6F7F2DA868468", "b_id": "4A25A065D35E5CEE7D492C3424CDA9ABBF19AECD1569256A041AB00D3ADA45E1", "message_hash": "6EE12801", "payload_type": 5, "origin_id": "A89F567CB6D2643A5400F9AF7721F8E35D2A8D18C033B932A7B7DFA7FF8492C0", "receiver_id": "packets", "route_mode": "path", "topic": "meshcore/A89F567CB6D2643A5400F9AF7721F8E35D2A8D18C033B932A7B7DFA7FF8492C0/packets"}
{"ts": 1769514560.6095397, "a": [49.75812, 11.53287], "b": [49.761611, 11.568452], "a_id": "4A25A065D35E5CEE7D492C3424CDA9ABBF19AECD1569256A041AB00D3ADA45E1", "b_id": "8E4CC2381F6513490B72095AB81AD60A17E963CCC0590F5A9F02073A2D3402E8", "message_hash": "6EE12801", "payload_type": 5, "origin_id": "A89F567CB6D2643A5400F9AF7721F8E35D2A8D18C033B932A7B7DFA7FF8492C0", "receiver_id": "packets", "route_mode": "path", "topic": "meshcore/A89F567CB6D2643A5400F9AF7721F8E35D2A8D18C033B932A7B7DFA7FF8492C0/packets"}
{"ts": 1769514560.6095397, "a": [49.75812, 11.53287], "b": [49.89528, 11.70689], "a_id": "8E4CC2381F6513490B72095AB81AD60A17E963CCC0590F5A9F02073A2D3402E8", "b_id": "8049FFDAB989D5C95BD03EDFB6B9846076EE9E8C21AC39C8DC8CA55391F1A0D8", "message_hash": "6EE12801", "payload_type": 5, "origin_id": "A89F567CB6D2643A5400F9AF7721F8E35D2A8D18C033B932A7B7DFA7FF8492C0", "receiver_id": "packets", "route_mode": "path", "topic": "meshcore/A89F567CB6D2643A5400F9AF7721F8E35D2A8D18C033B932A7B7DFA7FF8492C0/packets"}
{"ts": 1769514560.6095397, "a": [49.88804, 11.55772], "b": [49.89528, 11.70689], "a_id": "8049FFDAB989D5C95BD03EDFB6B9846076EE9E8C21AC39C8DC8CA55391F1A0D8", "b_id": "3C75856B6B90E6BA52F7A255BC686CC76082D4AC2923DCA930EFCEA3B325EDC3", "message_hash": "6EE12801", "payload_type": 5, "origin_id": "A89F567CB6D2643A5400F9AF7721F8E35D2A8D18C033B932A7B7DFA7FF8492C0", "receiver_id": "packets", "route_mode": "path", "topic": "meshcore/A89F567CB6D2643A5400F9AF7721F8E35D2A8D18C033B932A7B7DFA7FF8492C0/packets"}
{"ts": 1769514560.6095397, "a": [49.88804, 11.55772], "b": [49.888064, 11.557681], "a_id": "3C75856B6B90E6BA52F7A255BC686CC76082D4AC2923DCA930EFCEA3B325EDC3", "b_id": "A09932D0D1ECAB5E70903B7DBD8DD522E14C6E8474DF44071E07797A5736730E", "message_hash": "6EE12801", "payload_type": 5, "origin_id": "A89F567CB6D2643A5400F9AF7721F8E35D2A8D18C033B932A7B7DFA7FF8492C0", "receiver_id": "packets", "route_mode": "path", "topic": "meshcore/A89F567CB6D2643A5400F9AF7721F8E35D2A8D18C033B932A7B7DFA7FF8492C0/packets"}
{"ts": 1769514560.6095397, "a": [49.888064, 11.557681], "b": [49.951535, 11.611373], "a_id": "A09932D0D1ECAB5E70903B7DBD8DD522E14C6E8474DF44071E07797A5736730E", "b_id": "1AF33A967365F2CB1BE7284B1F4AED377EA15BD5A4005A55CDDF2D9C4922714E", "message_hash": "6EE12801", "payload_type": 5, "origin_id": "A89F567CB6D2643A5400F9AF7721F8E35D2A8D18C033B932A7B7DFA7FF8492C0", "receiver_id": "packets", "route_mode": "path", "topic": "meshcore/A89F567CB6D2643A5400F9AF7721F8E35D2A8D18C033B932A7B7DFA7FF8492C0/packets"}
{"ts": 1769514655.5771756, "a": [50.04901, 11.28925], "b": [50.061736, 11.486714], "a_id": "50B6282F8419C343E60C010031DE5D962BB6585D137FF4049F68307CFD242FC2", "b_id": "9BA848CD1136257EDE06947913B278627804D10746267F7E75D8BD4452D05D0E", "message_hash": "66B731F7", "payload_type": 5, "origin_id": "A89F567CB6D2643A5400F9AF7721F8E35D2A8D18C033B932A7B7DFA7FF8492C0", "receiver_id": "packets", "route_mode": "path", "topic": "meshcore/A89F567CB6D2643A5400F9AF7721F8E35D2A8D18C033B932A7B7DFA7FF8492C0/packets"}
{"ts": 1769514655.5771756, "a": [49.936846, 11.610518], "b": [50.061736, 11.486714], "a_id": "9BA848CD1136257EDE06947913B278627804D10746267F7E75D8BD4452D05D0E", "b_id": "47B8A43BC73957B51DFF7BEC44F24A2DC28FEAD31DC7E914372AFE40C2BDC5E5", "message_hash": "66B731F7", "payload_type": 5, "origin_id": "A89F567CB6D2643A5400F9AF7721F8E35D2A8D18C033B932A7B7DFA7FF8492C0", "receiver_id": "packets", "route_mode": "path", "topic": "meshcore/A89F567CB6D2643A5400F9AF7721F8E35D2A8D18C033B932A7B7DFA7FF8492C0/packets"}
{"ts": 1769514655.5771756, "a": [49.936846, 11.610518], "b": [49.951535, 11.611373], "a_id": "47B8A43BC73957B51DFF7BEC44F24A2DC28FEAD31DC7E914372AFE40C2BDC5E5", "b_id": "1AF33A967365F2CB1BE7284B1F4AED377EA15BD5A4005A55CDDF2D9C4922714E", "message_hash": "66B731F7", "payload_type": 5, "origin_id": "A89F567CB6D2643A5400F9AF7721F8E35D2A8D18C033B932A7B7DFA7FF8492C0", "receiver_id": "packets", "route_mode": "path", "topic": "meshcore/A89F567CB6D2643A5400F9AF7721F8E35D2A8D18C033B932A7B7DFA7FF8492C0/packets"}
{"ts": 1769514680.659999, "a": [49.458261, 11.094843], "b": [49.643404, 11.166407], "a_id": "0F8D870E25D67FFA7B9F55CDF2E23B9475589031E021F51899DC545B91D0C5B4", "b_id": "533B87C67D239DE848146380CA0F4EAE77B52FBDBD1A8766956B8E37679B50A8", "message_hash": "32941922", "payload_type": 5, "origin_id": "A89F567CB6D2643A5400F9AF7721F8E35D2A8D18C033B932A7B7DFA7FF8492C0", "receiver_id": "packets", "route_mode": "path", "topic": "meshcore/A89F567CB6D2643A5400F9AF7721F8E35D2A8D18C033B932A7B7DFA7FF8492C0/packets"}
{"ts": 1769514680.659999, "a": [49.643404, 11.166407], "b": [50.04901, 11.28925], "a_id": "533B87C67D239DE848146380CA0F4EAE77B52FBDBD1A8766956B8E37679B50A8", "b_id": "50B6282F8419C343E60C010031DE5D962BB6585D137FF4049F68307CFD242FC2", "message_hash": "32941922", "payload_type": 5, "origin_id": "A89F567CB6D2643A5400F9AF7721F8E35D2A8D18C033B932A7B7DFA7FF8492C0", "receiver_id": "packets", "route_mode": "path", "topic": "meshcore/A89F567CB6D2643A5400F9AF7721F8E35D2A8D18C033B932A7B7DFA7FF8492C0/packets"}
{"ts": 1769514680.659999, "a": [50.04901, 11.28925], "b": [50.061736, 11.486714], "a_id": "50B6282F8419C343E60C010031DE5D962BB6585D137FF4049F68307CFD242FC2", "b_id": "9BA848CD1136257EDE06947913B278627804D10746267F7E75D8BD4452D05D0E", "message_hash": "32941922", "payload_type": 5, "origin_id": "A89F567CB6D2643A5400F9AF7721F8E35D2A8D18C033B932A7B7DFA7FF8492C0", "receiver_id": "packets", "route_mode": "path", "topic": "meshcore/A89F567CB6D2643A5400F9AF7721F8E35D2A8D18C033B932A7B7DFA7FF8492C0/packets"}
{"ts": 1769514680.659999, "a": [49.936846, 11.610518], "b": [50.061736, 11.486714], "a_id": "9BA848CD1136257EDE06947913B278627804D10746267F7E75D8BD4452D05D0E", "b_id": "47B8A43BC73957B51DFF7BEC44F24A2DC28FEAD31DC7E914372AFE40C2BDC5E5", "message_hash": "32941922", "payload_type": 5, "origin_id": "A89F567CB6D2643A5400F9AF7721F8E35D2A8D18C033B932A7B7DFA7FF8492C0", "receiver_id": "packets", "route_mode": "path", "topic": "meshcore/A89F567CB6D2643A5400F9AF7721F8E35D2A8D18C033B932A7B7DFA7FF8492C0/packets"}
{"ts": 1769514682.4595895, "a": [49.458261, 11.094843], "b": [49.643404, 11.166407], "a_id": "0F8D870E25D67FFA7B9F55CDF2E23B9475589031E021F51899DC545B91D0C5B4", "b_id": "533B87C67D239DE848146380CA0F4EAE77B52FBDBD1A8766956B8E37679B50A8", "message_hash": "32941922", "payload_type": 5, "origin_id": "A89F567CB6D2643A5400F9AF7721F8E35D2A8D18C033B932A7B7DFA7FF8492C0", "receiver_id": "packets", "route_mode": "path", "topic": "meshcore/A89F567CB6D2643A5400F9AF7721F8E35D2A8D18C033B932A7B7DFA7FF8492C0/packets"}
{"ts": 1769514682.4595895, "a": [49.643404, 11.166407], "b": [50.04901, 11.28925], "a_id": "533B87C67D239DE848146380CA0F4EAE77B52FBDBD1A8766956B8E37679B50A8", "b_id": "50B6282F8419C343E60C010031DE5D962BB6585D137FF4049F68307CFD242FC2", "message_hash": "32941922", "payload_type": 5, "origin_id": "A89F567CB6D2643A5400F9AF7721F8E35D2A8D18C033B932A7B7DFA7FF8492C0", "receiver_id": "packets", "route_mode": "path", "topic": "meshcore/A89F567CB6D2643A5400F9AF7721F8E35D2A8D18C033B932A7B7DFA7FF8492C0/packets"}
{"ts": 1769514682.4595895, "a": [50.04901, 11.28925], "b": [50.061736, 11.486714], "a_id": "50B6282F8419C343E60C010031DE5D962BB6585D137FF4049F68307CFD242FC2", "b_id": "9BA848CD1136257EDE06947913B278627804D10746267F7E75D8BD4452D05D0E", "message_hash": "32941922", "payload_type": 5, "origin_id": "A89F567CB6D2643A5400F9AF7721F8E35D2A8D18C033B932A7B7DFA7FF8492C0", "receiver_id": "packets", "route_mode": "path", "topic": "meshcore/A89F567CB6D2643A5400F9AF7721F8E35D2A8D18C033B932A7B7DFA7FF8492C0/packets"}
{"ts": 1769514682.4595895, "a": [49.936846, 11.610518], "b": [50.061736, 11.486714], "a_id": "9BA848CD1136257EDE06947913B278627804D10746267F7E75D8BD4452D05D0E", "b_id": "47B8A43BC73957B51DFF7BEC44F24A2DC28FEAD31DC7E914372AFE40C2BDC5E5", "message_hash": "32941922", "payload_type": 5, "origin_id": "A89F567CB6D2643A5400F9AF7721F8E35D2A8D18C033B932A7B7DFA7FF8492C0", "receiver_id": "packets", "route_mode": "path", "topic": "meshcore/A89F567CB6D2643A5400F9AF7721F8E35D2A8D18C033B932A7B7DFA7FF8492C0/packets"}
{"ts": 1769514682.4595895, "a": [49.936846, 11.610518], "b": [49.951535, 11.611373], "a_id": "47B8A43BC73957B51DFF7BEC44F24A2DC28FEAD31DC7E914372AFE40C2BDC5E5", "b_id": "1AF33A967365F2CB1BE7284B1F4AED377EA15BD5A4005A55CDDF2D9C4922714E", "message_hash": "32941922", "payload_type": 5, "origin_id": "A89F567CB6D2643A5400F9AF7721F8E35D2A8D18C033B932A7B7DFA7FF8492C0", "receiver_id": "packets", "route_mode": "path", "topic": "meshcore/A89F567CB6D2643A5400F9AF7721F8E35D2A8D18C033B932A7B7DFA7FF8492C0/packets"}
{"ts": 1769514724.3957937, "a": [50.04901, 11.28925], "b": [50.061736, 11.486714], "a_id": "50B6282F8419C343E60C010031DE5D962BB6585D137FF4049F68307CFD242FC2", "b_id": "9BA848CD1136257EDE06947913B278627804D10746267F7E75D8BD4452D05D0E", "message_hash": "30830AA8", "payload_type": 5, "origin_id": "A89F567CB6D2643A5400F9AF7721F8E35D2A8D18C033B932A7B7DFA7FF8492C0", "receiver_id": "packets", "route_mode": "path", "topic": "meshcore/A89F567CB6D2643A5400F9AF7721F8E35D2A8D18C033B932A7B7DFA7FF8492C0/packets"}
{"ts": 1769514724.3957937, "a": [49.936846, 11.610518], "b": [50.061736, 11.486714], "a_id": "9BA848CD1136257EDE06947913B278627804D10746267F7E75D8BD4452D05D0E", "b_id": "47B8A43BC73957B51DFF7BEC44F24A2DC28FEAD31DC7E914372AFE40C2BDC5E5", "message_hash": "30830AA8", "payload_type": 5, "origin_id": "A89F567CB6D2643A5400F9AF7721F8E35D2A8D18C033B932A7B7DFA7FF8492C0", "receiver_id": "packets", "route_mode": "path", "topic": "meshcore/A89F567CB6D2643A5400F9AF7721F8E35D2A8D18C033B932A7B7DFA7FF8492C0/packets"}
{"ts": 1769514730.0411513, "a": [50.04901, 11.28925], "b": [50.10477, 11.461145], "a_id": "50B6282F8419C343E60C010031DE5D962BB6585D137FF4049F68307CFD242FC2", "b_id": "80A00493C2E4313932DBDE6CEBFC296EDBDAE22D55614BD23AA37A7AA6F2630C", "message_hash": "30830AA8", "payload_type": 5, "origin_id": "A89F567CB6D2643A5400F9AF7721F8E35D2A8D18C033B932A7B7DFA7FF8492C0", "receiver_id": "packets", "route_mode": "path", "topic": "meshcore/A89F567CB6D2643A5400F9AF7721F8E35D2A8D18C033B932A7B7DFA7FF8492C0/packets"}
{"ts": 1769514730.0411513, "a": [49.88804, 11.55772], "b": [50.10477, 11.461145], "a_id": "80A00493C2E4313932DBDE6CEBFC296EDBDAE22D55614BD23AA37A7AA6F2630C", "b_id": "3C75856B6B90E6BA52F7A255BC686CC76082D4AC2923DCA930EFCEA3B325EDC3", "message_hash": "30830AA8", "payload_type": 5, "origin_id": "A89F567CB6D2643A5400F9AF7721F8E35D2A8D18C033B932A7B7DFA7FF8492C0", "receiver_id": "packets", "route_mode": "path", "topic": "meshcore/A89F567CB6D2643A5400F9AF7721F8E35D2A8D18C033B932A7B7DFA7FF8492C0/packets"}
{"ts": 1769514730.0411513, "a": [49.88804, 11.55772], "b": [49.888064, 11.557681], "a_id": "3C75856B6B90E6BA52F7A255BC686CC76082D4AC2923DCA930EFCEA3B325EDC3", "b_id": "A09932D0D1ECAB5E70903B7DBD8DD522E14C6E8474DF44071E07797A5736730E", "message_hash": "30830AA8", "payload_type": 5, "origin_id": "A89F567CB6D2643A5400F9AF7721F8E35D2A8D18C033B932A7B7DFA7FF8492C0", "receiver_id": "packets", "route_mode": "path", "topic": "meshcore/A89F567CB6D2643A5400F9AF7721F8E35D2A8D18C033B932A7B7DFA7FF8492C0/packets"}
{"ts": 1769514730.0411513, "a": [49.888064, 11.557681], "b": [49.951535, 11.611373], "a_id": "A09932D0D1ECAB5E70903B7DBD8DD522E14C6E8474DF44071E07797A5736730E", "b_id": "1AF33A967365F2CB1BE7284B1F4AED377EA15BD5A4005A55CDDF2D9C4922714E", "message_hash": "30830AA8", "payload_type": 5, "origin_id": "A89F567CB6D2643A5400F9AF7721F8E35D2A8D18C033B932A7B7DFA7FF8492C0", "receiver_id": "packets", "route_mode": "path", "topic": "meshcore/A89F567CB6D2643A5400F9AF7721F8E35D2A8D18C033B932A7B7DFA7FF8492C0/packets"}
{"ts": 1769514752.4697013, "a": [50.04901, 11.28925], "b": [50.10477, 11.461145], "a_id": "50B6282F8419C343E60C010031DE5D962BB6585D137FF4049F68307CFD242FC2", "b_id": "80A00493C2E4313932DBDE6CEBFC296EDBDAE22D55614BD23AA37A7AA6F2630C", "message_hash": "CA23CADB", "payload_type": 5, "origin_id": "A89F567CB6D2643A5400F9AF7721F8E35D2A8D18C033B932A7B7DFA7FF8492C0", "receiver_id": "packets", "route_mode": "path", "topic": "meshcore/A89F567CB6D2643A5400F9AF7721F8E35D2A8D18C033B932A7B7DFA7FF8492C0/packets"}
{"ts": 1769514752.4697013, "a": [49.88804, 11.55772], "b": [50.10477, 11.461145], "a_id": "80A00493C2E4313932DBDE6CEBFC296EDBDAE22D55614BD23AA37A7AA6F2630C", "b_id": "3C75856B6B90E6BA52F7A255BC686CC76082D4AC2923DCA930EFCEA3B325EDC3", "message_hash": "CA23CADB", "payload_type": 5, "origin_id": "A89F567CB6D2643A5400F9AF7721F8E35D2A8D18C033B932A7B7DFA7FF8492C0", "receiver_id": "packets", "route_mode": "path", "topic": "meshcore/A89F567CB6D2643A5400F9AF7721F8E35D2A8D18C033B932A7B7DFA7FF8492C0/packets"}
{"ts": 1769514752.4697013, "a": [49.88804, 11.55772], "b": [49.90318, 11.60619], "a_id": "3C75856B6B90E6BA52F7A255BC686CC76082D4AC2923DCA930EFCEA3B325EDC3", "b_id": "2DF26D41AACC98B6EA8748DBF7B3FAA17D8A8E46E8F9FCC31BA326655AB72F9A", "message_hash": "CA23CADB", "payload_type": 5, "origin_id": "A89F567CB6D2643A5400F9AF7721F8E35D2A8D18C033B932A7B7DFA7FF8492C0", "receiver_id": "packets", "route_mode": "path", "topic": "meshcore/A89F567CB6D2643A5400F9AF7721F8E35D2A8D18C033B932A7B7DFA7FF8492C0/packets"}
{"ts": 1769514752.4697013, "a": [49.90318, 11.60619], "b": [49.949, 11.596], "a_id": "2DF26D41AACC98B6EA8748DBF7B3FAA17D8A8E46E8F9FCC31BA326655AB72F9A", "b_id": "D060B606AB9544673DCF40FD0392CBA3FFFD9B4959CC63D04BF419277F698A33", "message_hash": "CA23CADB", "payload_type": 5, "origin_id": "A89F567CB6D2643A5400F9AF7721F8E35D2A8D18C033B932A7B7DFA7FF8492C0", "receiver_id": "packets", "route_mode": "path", "topic": "meshcore/A89F567CB6D2643A5400F9AF7721F8E35D2A8D18C033B932A7B7DFA7FF8492C0/packets"}
{"ts": 1769514752.4697013, "a": [49.949, 11.596], "b": [49.951535, 11.611373], "a_id": "D060B606AB9544673DCF40FD0392CBA3FFFD9B4959CC63D04BF419277F698A33", "b_id": "1AF33A967365F2CB1BE7284B1F4AED377EA15BD5A4005A55CDDF2D9C4922714E", "message_hash": "CA23CADB", "payload_type": 5, "origin_id": "A89F567CB6D2643A5400F9AF7721F8E35D2A8D18C033B932A7B7DFA7FF8492C0", "receiver_id": "packets", "route_mode": "path", "topic": "meshcore/A89F567CB6D2643A5400F9AF7721F8E35D2A8D18C033B932A7B7DFA7FF8492C0/packets"}
{"ts": 1769514857.6000738, "a": [49.936846, 11.610518], "b": [49.951535, 11.611373], "a_id": "1AF33A967365F2CB1BE7284B1F4AED377EA15BD5A4005A55CDDF2D9C4922714E", "b_id": "47B8A43BC73957B51DFF7BEC44F24A2DC28FEAD31DC7E914372AFE40C2BDC5E5", "message_hash": "3A87DAD8", "payload_type": 5, "origin_id": "A89F567CB6D2643A5400F9AF7721F8E35D2A8D18C033B932A7B7DFA7FF8492C0", "receiver_id": "packets", "route_mode": "path", "topic": "meshcore/A89F567CB6D2643A5400F9AF7721F8E35D2A8D18C033B932A7B7DFA7FF8492C0/packets"}
{"ts": 1769515136.8297572, "a": [49.837251, 11.048414], "b": [50.342726, 9.9421], "a_id": "E4710D0097627D7DF14D2762F32D4DD175BA9624E0FBE68A0A58F0DD86CDFF64", "b_id": "98F552088C42D225EF7CC63D3689809D587429A7795E106B2474F41113CBE244", "message_hash": "26976812", "payload_type": 5, "origin_id": "A89F567CB6D2643A5400F9AF7721F8E35D2A8D18C033B932A7B7DFA7FF8492C0", "receiver_id": "packets", "route_mode": "path", "topic": "meshcore/A89F567CB6D2643A5400F9AF7721F8E35D2A8D18C033B932A7B7DFA7FF8492C0/packets"}
{"ts": 1769515136.8297572, "a": [49.76292, 9.91606], "b": [50.342726, 9.9421], "a_id": "98F552088C42D225EF7CC63D3689809D587429A7795E106B2474F41113CBE244", "b_id": "9B63B72815BE228F791585F7605A64ED6636AA319DC8FF5D645DCA17108E2F7D", "message_hash": "26976812", "payload_type": 5, "origin_id": "A89F567CB6D2643A5400F9AF7721F8E35D2A8D18C033B932A7B7DFA7FF8492C0", "receiver_id": "packets", "route_mode": "path", "topic": "meshcore/A89F567CB6D2643A5400F9AF7721F8E35D2A8D18C033B932A7B7DFA7FF8492C0/packets"}
{"ts": 1769515136.8297572, "a": [49.533111, 11.15305], "b": [49.76292, 9.91606], "a_id": "9B63B72815BE228F791585F7605A64ED6636AA319DC8FF5D645DCA17108E2F7D", "b_id": "3C3C370FCAF2222D55CF24F3C2768DD40E616A7C44BFB89835E82B818791AB12", "message_hash": "26976812", "payload_type": 5, "origin_id": "A89F567CB6D2643A5400F9AF7721F8E35D2A8D18C033B932A7B7DFA7FF8492C0", "receiver_id": "packets", "route_mode": "path", "topic": "meshcore/A89F567CB6D2643A5400F9AF7721F8E35D2A8D18C033B932A7B7DFA7FF8492C0/packets"}
{"ts": 1769515136.8297572, "a": [49.533111, 11.15305], "b": [49.888064, 11.557681], "a_id": "3C3C370FCAF2222D55CF24F3C2768DD40E616A7C44BFB89835E82B818791AB12", "b_id": "A09932D0D1ECAB5E70903B7DBD8DD522E14C6E8474DF44071E07797A5736730E", "message_hash": "26976812", "payload_type": 5, "origin_id": "A89F567CB6D2643A5400F9AF7721F8E35D2A8D18C033B932A7B7DFA7FF8492C0", "receiver_id": "packets", "route_mode": "path", "topic": "meshcore/A89F567CB6D2643A5400F9AF7721F8E35D2A8D18C033B932A7B7DFA7FF8492C0/packets"}
{"ts": 1769515136.8297572, "a": [49.888064, 11.557681], "b": [49.949, 11.596], "a_id": "A09932D0D1ECAB5E70903B7DBD8DD522E14C6E8474DF44071E07797A5736730E", "b_id": "D060B606AB9544673DCF40FD0392CBA3FFFD9B4959CC63D04BF419277F698A33", "message_hash": "26976812", "payload_type": 5, "origin_id": "A89F567CB6D2643A5400F9AF7721F8E35D2A8D18C033B932A7B7DFA7FF8492C0", "receiver_id": "packets", "route_mode": "path", "topic": "meshcore/A89F567CB6D2643A5400F9AF7721F8E35D2A8D18C033B932A7B7DFA7FF8492C0/packets"}
{"ts": 1769515136.8297572, "a": [49.949, 11.596], "b": [49.951535, 11.611373], "a_id": "D060B606AB9544673DCF40FD0392CBA3FFFD9B4959CC63D04BF419277F698A33", "b_id": "1AF33A967365F2CB1BE7284B1F4AED377EA15BD5A4005A55CDDF2D9C4922714E", "message_hash": "26976812", "payload_type": 5, "origin_id": "A89F567CB6D2643A5400F9AF7721F8E35D2A8D18C033B932A7B7DFA7FF8492C0", "receiver_id": "packets", "route_mode": "path", "topic": "meshcore/A89F567CB6D2643A5400F9AF7721F8E35D2A8D18C033B932A7B7DFA7FF8492C0/packets"}
{"ts": 1769515137.3809614, "a": [49.837251, 11.048414], "b": [50.342726, 9.9421], "a_id": "E4710D0097627D7DF14D2762F32D4DD175BA9624E0FBE68A0A58F0DD86CDFF64", "b_id": "98F552088C42D225EF7CC63D3689809D587429A7795E106B2474F41113CBE244", "message_hash": "26976812", "payload_type": 5, "origin_id": "A89F567CB6D2643A5400F9AF7721F8E35D2A8D18C033B932A7B7DFA7FF8492C0", "receiver_id": "packets", "route_mode": "path", "topic": "meshcore/A89F567CB6D2643A5400F9AF7721F8E35D2A8D18C033B932A7B7DFA7FF8492C0/packets"}
{"ts": 1769515137.3809614, "a": [49.76292, 9.91606], "b": [50.342726, 9.9421], "a_id": "98F552088C42D225EF7CC63D3689809D587429A7795E106B2474F41113CBE244", "b_id": "9B63B72815BE228F791585F7605A64ED6636AA319DC8FF5D645DCA17108E2F7D", "message_hash": "26976812", "payload_type": 5, "origin_id": "A89F567CB6D2643A5400F9AF7721F8E35D2A8D18C033B932A7B7DFA7FF8492C0", "receiver_id": "packets", "route_mode": "path", "topic": "meshcore/A89F567CB6D2643A5400F9AF7721F8E35D2A8D18C033B932A7B7DFA7FF8492C0/packets"}
{"ts": 1769515137.3809614, "a": [49.533111, 11.15305], "b": [49.76292, 9.91606], "a_id": "9B63B72815BE228F791585F7605A64ED6636AA319DC8FF5D645DCA17108E2F7D", "b_id": "3C3C370FCAF2222D55CF24F3C2768DD40E616A7C44BFB89835E82B818791AB12", "message_hash": "26976812", "payload_type": 5, "origin_id": "A89F567CB6D2643A5400F9AF7721F8E35D2A8D18C033B932A7B7DFA7FF8492C0", "receiver_id": "packets", "route_mode": "path", "topic": "meshcore/A89F567CB6D2643A5400F9AF7721F8E35D2A8D18C033B932A7B7DFA7FF8492C0/packets"}
{"ts": 1769515137.3809614, "a": [49.533111, 11.15305], "b": [49.888064, 11.557681], "a_id": "3C3C370FCAF2222D55CF24F3C2768DD40E616A7C44BFB89835E82B818791AB12", "b_id": "A09932D0D1ECAB5E70903B7DBD8DD522E14C6E8474DF44071E07797A5736730E", "message_hash": "26976812", "payload_type": 5, "origin_id": "A89F567CB6D2643A5400F9AF7721F8E35D2A8D18C033B932A7B7DFA7FF8492C0", "receiver_id": "packets", "route_mode": "path", "topic": "meshcore/A89F567CB6D2643A5400F9AF7721F8E35D2A8D18C033B932A7B7DFA7FF8492C0/packets"}
{"ts": 1769515137.3809614, "a": [49.888064, 11.557681], "b": [49.949, 11.596], "a_id": "A09932D0D1ECAB5E70903B7DBD8DD522E14C6E8474DF44071E07797A5736730E", "b_id": "D060B606AB9544673DCF40FD0392CBA3FFFD9B4959CC63D04BF419277F698A33", "message_hash": "26976812", "payload_type": 5, "origin_id": "A89F567CB6D2643A5400F9AF7721F8E35D2A8D18C033B932A7B7DFA7FF8492C0", "receiver_id": "packets", "route_mode": "path", "topic": "meshcore/A89F567CB6D2643A5400F9AF7721F8E35D2A8D18C033B932A7B7DFA7FF8492C0/packets"}
{"ts": 1769515137.3809614, "a": [49.936846, 11.610518], "b": [49.949, 11.596], "a_id": "D060B606AB9544673DCF40FD0392CBA3FFFD9B4959CC63D04BF419277F698A33", "b_id": "47B8A43BC73957B51DFF7BEC44F24A2DC28FEAD31DC7E914372AFE40C2BDC5E5", "message_hash": "26976812", "payload_type": 5, "origin_id": "A89F567CB6D2643A5400F9AF7721F8E35D2A8D18C033B932A7B7DFA7FF8492C0", "receiver_id": "packets", "route_mode": "path", "topic": "meshcore/A89F567CB6D2643A5400F9AF7721F8E35D2A8D18C033B932A7B7DFA7FF8492C0/packets"}
{"ts": 1769515187.0954192, "a": [49.936846, 11.610518], "b": [49.951535, 11.611373], "a_id": "1AF33A967365F2CB1BE7284B1F4AED377EA15BD5A4005A55CDDF2D9C4922714E", "b_id": "47B8A43BC73957B51DFF7BEC44F24A2DC28FEAD31DC7E914372AFE40C2BDC5E5", "message_hash": "3C871D75", "payload_type": 5, "origin_id": "A89F567CB6D2643A5400F9AF7721F8E35D2A8D18C033B932A7B7DFA7FF8492C0", "receiver_id": "packets", "route_mode": "path", "topic": "meshcore/A89F567CB6D2643A5400F9AF7721F8E35D2A8D18C033B932A7B7DFA7FF8492C0/packets"}
{"ts": 1769515318.643844, "a": [49.64297, 11.07224], "b": [49.643404, 11.166407], "a_id": "9453824441C7C6B759DB24BC0750743C16D7E62E38386DBD28F544FCD8EDD594", "b_id": "533B87C67D239DE848146380CA0F4EAE77B52FBDBD1A8766956B8E37679B50A8", "message_hash": "223FB993", "payload_type": 5, "origin_id": "A89F567CB6D2643A5400F9AF7721F8E35D2A8D18C033B932A7B7DFA7FF8492C0", "receiver_id": "packets", "route_mode": "path", "topic": "meshcore/A89F567CB6D2643A5400F9AF7721F8E35D2A8D18C033B932A7B7DFA7FF8492C0/packets"}
{"ts": 1769515318.643844, "a": [49.643404, 11.166407], "b": [50.04901, 11.28925], "a_id": "533B87C67D239DE848146380CA0F4EAE77B52FBDBD1A8766956B8E37679B50A8", "b_id": "50B6282F8419C343E60C010031DE5D962BB6585D137FF4049F68307CFD242FC2", "message_hash": "223FB993", "payload_type": 5, "origin_id": "A89F567CB6D2643A5400F9AF7721F8E35D2A8D18C033B932A7B7DFA7FF8492C0", "receiver_id": "packets", "route_mode": "path", "topic": "meshcore/A89F567CB6D2643A5400F9AF7721F8E35D2A8D18C033B932A7B7DFA7FF8492C0/packets"}
{"ts": 1769515318.643844, "a": [50.04901, 11.28925], "b": [50.061736, 11.486714], "a_id": "50B6282F8419C343E60C010031DE5D962BB6585D137FF4049F68307CFD242FC2", "b_id": "9BA848CD1136257EDE06947913B278627804D10746267F7E75D8BD4452D05D0E", "message_hash": "223FB993", "payload_type": 5, "origin_id": "A89F567CB6D2643A5400F9AF7721F8E35D2A8D18C033B932A7B7DFA7FF8492C0", "receiver_id": "packets", "route_mode": "path", "topic": "meshcore/A89F567CB6D2643A5400F9AF7721F8E35D2A8D18C033B932A7B7DFA7FF8492C0/packets"}
{"ts": 1769515318.643844, "a": [49.936846, 11.610518], "b": [50.061736, 11.486714], "a_id": "9BA848CD1136257EDE06947913B278627804D10746267F7E75D8BD4452D05D0E", "b_id": "47B8A43BC73957B51DFF7BEC44F24A2DC28FEAD31DC7E914372AFE40C2BDC5E5", "message_hash": "223FB993", "payload_type": 5, "origin_id": "A89F567CB6D2643A5400F9AF7721F8E35D2A8D18C033B932A7B7DFA7FF8492C0", "receiver_id": "packets", "route_mode": "path", "topic": "meshcore/A89F567CB6D2643A5400F9AF7721F8E35D2A8D18C033B932A7B7DFA7FF8492C0/packets"}
{"ts": 1769515318.643844, "a": [49.936846, 11.610518], "b": [49.951535, 11.611373], "a_id": "47B8A43BC73957B51DFF7BEC44F24A2DC28FEAD31DC7E914372AFE40C2BDC5E5", "b_id": "1AF33A967365F2CB1BE7284B1F4AED377EA15BD5A4005A55CDDF2D9C4922714E", "message_hash": "223FB993", "payload_type": 5, "origin_id": "A89F567CB6D2643A5400F9AF7721F8E35D2A8D18C033B932A7B7DFA7FF8492C0", "receiver_id": "packets", "route_mode": "path", "topic": "meshcore/A89F567CB6D2643A5400F9AF7721F8E35D2A8D18C033B932A7B7DFA7FF8492C0/packets"}
{"ts": 1769515341.3814015, "a": [49.64297, 11.07224], "b": [49.643404, 11.166407], "a_id": "9453824441C7C6B759DB24BC0750743C16D7E62E38386DBD28F544FCD8EDD594", "b_id": "533B87C67D239DE848146380CA0F4EAE77B52FBDBD1A8766956B8E37679B50A8", "message_hash": "16C6800A", "payload_type": 4, "origin_id": "9453824441C7C6B759DB24BC0750743C16D7E62E38386DBD28F544FCD8EDD594", "receiver_id": "packets", "route_mode": "path", "topic": "meshcore/A89F567CB6D2643A5400F9AF7721F8E35D2A8D18C033B932A7B7DFA7FF8492C0/packets"}
{"ts": 1769515341.3814015, "a": [49.643404, 11.166407], "b": [50.04901, 11.28925], "a_id": "533B87C67D239DE848146380CA0F4EAE77B52FBDBD1A8766956B8E37679B50A8", "b_id": "50B6282F8419C343E60C010031DE5D962BB6585D137FF4049F68307CFD242FC2", "message_hash": "16C6800A", "payload_type": 4, "origin_id": "9453824441C7C6B759DB24BC0750743C16D7E62E38386DBD28F544FCD8EDD594", "receiver_id": "packets", "route_mode": "path", "topic": "meshcore/A89F567CB6D2643A5400F9AF7721F8E35D2A8D18C033B932A7B7DFA7FF8492C0/packets"}
{"ts": 1769515341.3814015, "a": [50.04901, 11.28925], "b": [50.103899, 11.372869], "a_id": "50B6282F8419C343E60C010031DE5D962BB6585D137FF4049F68307CFD242FC2", "b_id": "70E2E780AAAC3AE619A0196938FEF55B67B32F6062E6DE7F3CEC37F5E19EB48C", "message_hash": "16C6800A", "payload_type": 4, "origin_id": "9453824441C7C6B759DB24BC0750743C16D7E62E38386DBD28F544FCD8EDD594", "receiver_id": "packets", "route_mode": "path", "topic": "meshcore/A89F567CB6D2643A5400F9AF7721F8E35D2A8D18C033B932A7B7DFA7FF8492C0/packets"}
{"ts": 1769515341.3814015, "a": [50.061736, 11.486714], "b": [50.103899, 11.372869], "a_id": "70E2E780AAAC3AE619A0196938FEF55B67B32F6062E6DE7F3CEC37F5E19EB48C", "b_id": "9BA848CD1136257EDE06947913B278627804D10746267F7E75D8BD4452D05D0E", "message_hash": "16C6800A", "payload_type": 4, "origin_id": "9453824441C7C6B759DB24BC0750743C16D7E62E38386DBD28F544FCD8EDD594", "receiver_id": "packets", "route_mode": "path", "topic": "meshcore/A89F567CB6D2643A5400F9AF7721F8E35D2A8D18C033B932A7B7DFA7FF8492C0/packets"}
{"ts": 1769515341.3814015, "a": [49.936846, 11.610518], "b": [50.061736, 11.486714], "a_id": "9BA848CD1136257EDE06947913B278627804D10746267F7E75D8BD4452D05D0E", "b_id": "47B8A43BC73957B51DFF7BEC44F24A2DC28FEAD31DC7E914372AFE40C2BDC5E5", "message_hash": "16C6800A", "payload_type": 4, "origin_id": "9453824441C7C6B759DB24BC0750743C16D7E62E38386DBD28F544FCD8EDD594", "receiver_id": "packets", "route_mode": "path", "topic": "meshcore/A89F567CB6D2643A5400F9AF7721F8E35D2A8D18C033B932A7B7DFA7FF8492C0/packets"}
{"ts": 1769515341.3814015, "a": [49.936846, 11.610518], "b": [49.951535, 11.611373], "a_id": "47B8A43BC73957B51DFF7BEC44F24A2DC28FEAD31DC7E914372AFE40C2BDC5E5", "b_id": "1AF33A967365F2CB1BE7284B1F4AED377EA15BD5A4005A55CDDF2D9C4922714E", "message_hash": "16C6800A", "payload_type": 4, "origin_id": "9453824441C7C6B759DB24BC0750743C16D7E62E38386DBD28F544FCD8EDD594", "receiver_id": "packets", "route_mode": "path", "topic": "meshcore/A89F567CB6D2643A5400F9AF7721F8E35D2A8D18C033B932A7B7DFA7FF8492C0/packets"}
{"ts": 1769515413.9095335, "a": [50.061736, 11.486714], "b": [50.10477, 11.461145], "a_id": "80A00493C2E4313932DBDE6CEBFC296EDBDAE22D55614BD23AA37A7AA6F2630C", "b_id": "9BA848CD1136257EDE06947913B278627804D10746267F7E75D8BD4452D05D0E", "message_hash": "56274911", "payload_type": 5, "origin_id": "A89F567CB6D2643A5400F9AF7721F8E35D2A8D18C033B932A7B7DFA7FF8492C0", "receiver_id": "packets", "route_mode": "path", "topic": "meshcore/A89F567CB6D2643A5400F9AF7721F8E35D2A8D18C033B932A7B7DFA7FF8492C0/packets"}
{"ts": 1769515413.9095335, "a": [49.936846, 11.610518], "b": [50.061736, 11.486714], "a_id": "9BA848CD1136257EDE06947913B278627804D10746267F7E75D8BD4452D05D0E", "b_id": "47B8A43BC73957B51DFF7BEC44F24A2DC28FEAD31DC7E914372AFE40C2BDC5E5", "message_hash": "56274911", "payload_type": 5, "origin_id": "A89F567CB6D2643A5400F9AF7721F8E35D2A8D18C033B932A7B7DFA7FF8492C0", "receiver_id": "packets", "route_mode": "path", "topic": "meshcore/A89F567CB6D2643A5400F9AF7721F8E35D2A8D18C033B932A7B7DFA7FF8492C0/packets"}
{"ts": 1769515413.9095335, "a": [49.936846, 11.610518], "b": [49.951535, 11.611373], "a_id": "47B8A43BC73957B51DFF7BEC44F24A2DC28FEAD31DC7E914372AFE40C2BDC5E5", "b_id": "1AF33A967365F2CB1BE7284B1F4AED377EA15BD5A4005A55CDDF2D9C4922714E", "message_hash": "56274911", "payload_type": 5, "origin_id": "A89F567CB6D2643A5400F9AF7721F8E35D2A8D18C033B932A7B7DFA7FF8492C0", "receiver_id": "packets", "route_mode": "path", "topic": "meshcore/A89F567CB6D2643A5400F9AF7721F8E35D2A8D18C033B932A7B7DFA7FF8492C0/packets"}
{"ts": 1769515435.442749, "a": [49.71204, 11.30643], "b": [49.837251, 11.048414], "a_id": "E4710D0097627D7DF14D2762F32D4DD175BA9624E0FBE68A0A58F0DD86CDFF64", "b_id": "39AB9B02253D22040B940AD26404CC98F0BF0147936D9B5961A6F7F2DA868468", "message_hash": "A4E70466", "payload_type": 5, "origin_id": "A89F567CB6D2643A5400F9AF7721F8E35D2A8D18C033B932A7B7DFA7FF8492C0", "receiver_id": "packets", "route_mode": "path", "topic": "meshcore/A89F567CB6D2643A5400F9AF7721F8E35D2A8D18C033B932A7B7DFA7FF8492C0/packets"}
{"ts": 1769515435.442749, "a": [49.71204, 11.30643], "b": [49.75812, 11.53287], "a_id": "39AB9B02253D22040B940AD26404CC98F0BF0147936D9B5961A6F7F2DA868468", "b_id": "8E4CC2381F6513490B72095AB81AD60A17E963CCC0590F5A9F02073A2D3402E8", "message_hash": "A4E70466", "payload_type": 5, "origin_id": "A89F567CB6D2643A5400F9AF7721F8E35D2A8D18C033B932A7B7DFA7FF8492C0", "receiver_id": "packets", "route_mode": "path", "topic": "meshcore/A89F567CB6D2643A5400F9AF7721F8E35D2A8D18C033B932A7B7DFA7FF8492C0/packets"}
{"ts": 1769515435.442749, "a": [49.75812, 11.53287], "b": [49.89528, 11.70689], "a_id": "8E4CC2381F6513490B72095AB81AD60A17E963CCC0590F5A9F02073A2D3402E8", "b_id": "8049FFDAB989D5C95BD03EDFB6B9846076EE9E8C21AC39C8DC8CA55391F1A0D8", "message_hash": "A4E70466", "payload_type": 5, "origin_id": "A89F567CB6D2643A5400F9AF7721F8E35D2A8D18C033B932A7B7DFA7FF8492C0", "receiver_id": "packets", "route_mode": "path", "topic": "meshcore/A89F567CB6D2643A5400F9AF7721F8E35D2A8D18C033B932A7B7DFA7FF8492C0/packets"}
{"ts": 1769515435.442749, "a": [49.88804, 11.55772], "b": [49.89528, 11.70689], "a_id": "8049FFDAB989D5C95BD03EDFB6B9846076EE9E8C21AC39C8DC8CA55391F1A0D8", "b_id": "3C75856B6B90E6BA52F7A255BC686CC76082D4AC2923DCA930EFCEA3B325EDC3", "message_hash": "A4E70466", "payload_type": 5, "origin_id": "A89F567CB6D2643A5400F9AF7721F8E35D2A8D18C033B932A7B7DFA7FF8492C0", "receiver_id": "packets", "route_mode": "path", "topic": "meshcore/A89F567CB6D2643A5400F9AF7721F8E35D2A8D18C033B932A7B7DFA7FF8492C0/packets"}
{"ts": 1769515435.442749, "a": [49.88804, 11.55772], "b": [49.951535, 11.611373], "a_id": "3C75856B6B90E6BA52F7A255BC686CC76082D4AC2923DCA930EFCEA3B325EDC3", "b_id": "1AF33A967365F2CB1BE7284B1F4AED377EA15BD5A4005A55CDDF2D9C4922714E", "message_hash": "A4E70466", "payload_type": 5, "origin_id": "A89F567CB6D2643A5400F9AF7721F8E35D2A8D18C033B932A7B7DFA7FF8492C0", "receiver_id": "packets", "route_mode": "path", "topic": "meshcore/A89F567CB6D2643A5400F9AF7721F8E35D2A8D18C033B932A7B7DFA7FF8492C0/packets"}
{"ts": 1769515436.4401698, "a": [49.71204, 11.30643], "b": [49.837251, 11.048414], "a_id": "E4710D0097627D7DF14D2762F32D4DD175BA9624E0FBE68A0A58F0DD86CDFF64", "b_id": "39AB9B02253D22040B940AD26404CC98F0BF0147936D9B5961A6F7F2DA868468", "message_hash": "A4E70466", "payload_type": 5, "origin_id": "A89F567CB6D2643A5400F9AF7721F8E35D2A8D18C033B932A7B7DFA7FF8492C0", "receiver_id": "packets", "route_mode": "path", "topic": "meshcore/A89F567CB6D2643A5400F9AF7721F8E35D2A8D18C033B932A7B7DFA7FF8492C0/packets"}
{"ts": 1769515436.4401698, "a": [49.71204, 11.30643], "b": [49.75812, 11.53287], "a_id": "39AB9B02253D22040B940AD26404CC98F0BF0147936D9B5961A6F7F2DA868468", "b_id": "8E4CC2381F6513490B72095AB81AD60A17E963CCC0590F5A9F02073A2D3402E8", "message_hash": "A4E70466", "payload_type": 5, "origin_id": "A89F567CB6D2643A5400F9AF7721F8E35D2A8D18C033B932A7B7DFA7FF8492C0", "receiver_id": "packets", "route_mode": "path", "topic": "meshcore/A89F567CB6D2643A5400F9AF7721F8E35D2A8D18C033B932A7B7DFA7FF8492C0/packets"}
{"ts": 1769515436.4401698, "a": [49.75812, 11.53287], "b": [49.89528, 11.70689], "a_id": "8E4CC2381F6513490B72095AB81AD60A17E963CCC0590F5A9F02073A2D3402E8", "b_id": "8049FFDAB989D5C95BD03EDFB6B9846076EE9E8C21AC39C8DC8CA55391F1A0D8", "message_hash": "A4E70466", "payload_type": 5, "origin_id": "A89F567CB6D2643A5400F9AF7721F8E35D2A8D18C033B932A7B7DFA7FF8492C0", "receiver_id": "packets", "route_mode": "path", "topic": "meshcore/A89F567CB6D2643A5400F9AF7721F8E35D2A8D18C033B932A7B7DFA7FF8492C0/packets"}
{"ts": 1769515436.4401698, "a": [49.88804, 11.55772], "b": [49.89528, 11.70689], "a_id": "8049FFDAB989D5C95BD03EDFB6B9846076EE9E8C21AC39C8DC8CA55391F1A0D8", "b_id": "3C75856B6B90E6BA52F7A255BC686CC76082D4AC2923DCA930EFCEA3B325EDC3", "message_hash": "A4E70466", "payload_type": 5, "origin_id": "A89F567CB6D2643A5400F9AF7721F8E35D2A8D18C033B932A7B7DFA7FF8492C0", "receiver_id": "packets", "route_mode": "path", "topic": "meshcore/A89F567CB6D2643A5400F9AF7721F8E35D2A8D18C033B932A7B7DFA7FF8492C0/packets"}
{"ts": 1769515436.4401698, "a": [49.88804, 11.55772], "b": [49.951535, 11.611373], "a_id": "3C75856B6B90E6BA52F7A255BC686CC76082D4AC2923DCA930EFCEA3B325EDC3", "b_id": "1AF33A967365F2CB1BE7284B1F4AED377EA15BD5A4005A55CDDF2D9C4922714E", "message_hash": "A4E70466", "payload_type": 5, "origin_id": "A89F567CB6D2643A5400F9AF7721F8E35D2A8D18C033B932A7B7DFA7FF8492C0", "receiver_id": "packets", "route_mode": "path", "topic": "meshcore/A89F567CB6D2643A5400F9AF7721F8E35D2A8D18C033B932A7B7DFA7FF8492C0/packets"}
{"ts": 1769515436.4401698, "a": [49.936846, 11.610518], "b": [49.951535, 11.611373], "a_id": "1AF33A967365F2CB1BE7284B1F4AED377EA15BD5A4005A55CDDF2D9C4922714E", "b_id": "47B8A43BC73957B51DFF7BEC44F24A2DC28FEAD31DC7E914372AFE40C2BDC5E5", "message_hash": "A4E70466", "payload_type": 5, "origin_id": "A89F567CB6D2643A5400F9AF7721F8E35D2A8D18C033B932A7B7DFA7FF8492C0", "receiver_id": "packets", "route_mode": "path", "topic": "meshcore/A89F567CB6D2643A5400F9AF7721F8E35D2A8D18C033B932A7B7DFA7FF8492C0/packets"}
{"ts": 1769515440.4008038, "a": [49.64297, 11.07224], "b": [49.643404, 11.166407], "a_id": "9453824441C7C6B759DB24BC0750743C16D7E62E38386DBD28F544FCD8EDD594", "b_id": "533B87C67D239DE848146380CA0F4EAE77B52FBDBD1A8766956B8E37679B50A8", "message_hash": "4A6F6B8C", "payload_type": 5, "origin_id": "A89F567CB6D2643A5400F9AF7721F8E35D2A8D18C033B932A7B7DFA7FF8492C0", "receiver_id": "packets", "route_mode": "path", "topic": "meshcore/A89F567CB6D2643A5400F9AF7721F8E35D2A8D18C033B932A7B7DFA7FF8492C0/packets"}
{"ts": 1769515440.4008038, "a": [49.643404, 11.166407], "b": [50.04901, 11.28925], "a_id": "533B87C67D239DE848146380CA0F4EAE77B52FBDBD1A8766956B8E37679B50A8", "b_id": "50B6282F8419C343E60C010031DE5D962BB6585D137FF4049F68307CFD242FC2", "message_hash": "4A6F6B8C", "payload_type": 5, "origin_id": "A89F567CB6D2643A5400F9AF7721F8E35D2A8D18C033B932A7B7DFA7FF8492C0", "receiver_id": "packets", "route_mode": "path", "topic": "meshcore/A89F567CB6D2643A5400F9AF7721F8E35D2A8D18C033B932A7B7DFA7FF8492C0/packets"}
{"ts": 1769515440.4008038, "a": [50.04901, 11.28925], "b": [50.061736, 11.486714], "a_id": "50B6282F8419C343E60C010031DE5D962BB6585D137FF4049F68307CFD242FC2", "b_id": "9BA848CD1136257EDE06947913B278627804D10746267F7E75D8BD4452D05D0E", "message_hash": "4A6F6B8C", "payload_type": 5, "origin_id": "A89F567CB6D2643A5400F9AF7721F8E35D2A8D18C033B932A7B7DFA7FF8492C0", "receiver_id": "packets", "route_mode": "path", "topic": "meshcore/A89F567CB6D2643A5400F9AF7721F8E35D2A8D18C033B932A7B7DFA7FF8492C0/packets"}
{"ts": 1769515440.4008038, "a": [49.91699, 11.59402], "b": [50.061736, 11.486714], "a_id": "9BA848CD1136257EDE06947913B278627804D10746267F7E75D8BD4452D05D0E", "b_id": "C6BA5CF1F339EBFC38699B9B5467EF289D9FFE8FDC7F78BC36527A30C244C6EF", "message_hash": "4A6F6B8C", "payload_type": 5, "origin_id": "A89F567CB6D2643A5400F9AF7721F8E35D2A8D18C033B932A7B7DFA7FF8492C0", "receiver_id": "packets", "route_mode": "path", "topic": "meshcore/A89F567CB6D2643A5400F9AF7721F8E35D2A8D18C033B932A7B7DFA7FF8492C0/packets"}
{"ts": 1769515440.4008038, "a": [49.90318, 11.60619], "b": [49.91699, 11.59402], "a_id": "C6BA5CF1F339EBFC38699B9B5467EF289D9FFE8FDC7F78BC36527A30C244C6EF", "b_id": "2DF26D41AACC98B6EA8748DBF7B3FAA17D8A8E46E8F9FCC31BA326655AB72F9A", "message_hash": "4A6F6B8C", "payload_type": 5, "origin_id": "A89F567CB6D2643A5400F9AF7721F8E35D2A8D18C033B932A7B7DFA7FF8492C0", "receiver_id": "packets", "route_mode": "path", "topic": "meshcore/A89F567CB6D2643A5400F9AF7721F8E35D2A8D18C033B932A7B7DFA7FF8492C0/packets"}
{"ts": 1769515440.4008038, "a": [49.90318, 11.60619], "b": [49.949, 11.596], "a_id": "2DF26D41AACC98B6EA8748DBF7B3FAA17D8A8E46E8F9FCC31BA326655AB72F9A", "b_id": "D060B606AB9544673DCF40FD0392CBA3FFFD9B4959CC63D04BF419277F698A33", "message_hash": "4A6F6B8C", "payload_type": 5, "origin_id": "A89F567CB6D2643A5400F9AF7721F8E35D2A8D18C033B932A7B7DFA7FF8492C0", "receiver_id": "packets", "route_mode": "path", "topic": "meshcore/A89F567CB6D2643A5400F9AF7721F8E35D2A8D18C033B932A7B7DFA7FF8492C0/packets"}
{"ts": 1769515440.4008038, "a": [49.949, 11.596], "b": [49.951535, 11.611373], "a_id": "D060B606AB9544673DCF40FD0392CBA3FFFD9B4959CC63D04BF419277F698A33", "b_id": "1AF33A967365F2CB1BE7284B1F4AED377EA15BD5A4005A55CDDF2D9C4922714E", "message_hash": "4A6F6B8C", "payload_type": 5, "origin_id": "A89F567CB6D2643A5400F9AF7721F8E35D2A8D18C033B932A7B7DFA7FF8492C0", "receiver_id": "packets", "route_mode": "path", "topic": "meshcore/A89F567CB6D2643A5400F9AF7721F8E35D2A8D18C033B932A7B7DFA7FF8492C0/packets"}
{"ts": 1769515469.343315, "a": [49.423045, 11.134945], "b": [49.44996, 10.84297], "a_id": "B59F612239AF4B10883B9C38773BA306F4E2DF2561FFEE9054A5EC4246BC2270", "b_id": "4E45788222AF81A857C4C1FB248DBAF0EA7CAFED3F9945FBEACD4C8E84D335C5", "message_hash": "F0977568", "payload_type": 4, "origin_id": "B59F612239AF4B10883B9C38773BA306F4E2DF2561FFEE9054A5EC4246BC2270", "receiver_id": "packets", "route_mode": "path", "topic": "meshcore/A89F567CB6D2643A5400F9AF7721F8E35D2A8D18C033B932A7B7DFA7FF8492C0/packets"}
{"ts": 1769515469.343315, "a": [49.44996, 10.84297], "b": [49.64297, 11.07224], "a_id": "4E45788222AF81A857C4C1FB248DBAF0EA7CAFED3F9945FBEACD4C8E84D335C5", "b_id": "9453824441C7C6B759DB24BC0750743C16D7E62E38386DBD28F544FCD8EDD594", "message_hash": "F0977568", "payload_type": 4, "origin_id": "B59F612239AF4B10883B9C38773BA306F4E2DF2561FFEE9054A5EC4246BC2270", "receiver_id": "packets", "route_mode": "path", "topic": "meshcore/A89F567CB6D2643A5400F9AF7721F8E35D2A8D18C033B932A7B7DFA7FF8492C0/packets"}
